1635 2522
410 111 652 147 SERMONIS
676 112 1009 146 DRACONTIANI
1034 112 1287 151 SPECIMEN.

231 210 282 246 VI
302 215 345 246 21
372 229 416 235 -
442 209 487 244 in
505 221 609 245 arma
621 221 728 255 pares
742 210 810 244 fui-

231 269 312 292 mus
337 267 420 292 cum
445 255 611 301 principe
640 256 717 291 Sat.
744 260 811 291 ‘203

209 303 375 348 quisquis
408 302 452 337 in
476 302 595 338 Aonio
622 302 813 337 descendit

230 349 334 384 fonte
363 351 477 393 poeta
507 348 592 383 VIII
619 353 662 384 14
689 369 732 374 —
759 349 812 383 iu—

230 396 290 430 sta
324 406 518 430 succensus
557 395 600 429 in
634 395 689 430 ira
726 395 812 429 VIII

230 445 298 477 291
320 462 364 467 —
389 441 568 486 fortisque
588 441 631 476 in
650 452 812 487 paupere

231 487 335 523 diues
370 488 458 532 quid
484 488 593 523 timet
618 490 683 523 aut
709 490 813 532 optet

230 533 265 568 V
291 538 336 570 85
362 535 446 569 uide
470 535 560 569 furis

206 591 273 626 per
309 580 442 615 inane
480 580 565 614 VIII
597 584 666 615 455
705 580 737 614 Χ
769 584 812 615 98

231 631 298 662 118
325 631 393 662 465

206 673 494 708 indicatiuus
548 672 726 716 fortisque
777 673 813 706 in

230 719 668 810 3359555233352213333
685 719 815 800 2335?

230 811 300 848 tite
326 812 425 847 ciues
458 813 489 846 V
517 817 560 847 86
599 812 698 856 quod
723 812 814 846 mihi

232 858 291 894 si·
304 858 453 894 fortuna
479 858 644 894 dedisset
665 870 737 893 non
760 859 813 892 in-

231 906 390 940 honorus
416 916 517 940 eram
542 906 606 940 sed
632 906 740 940 laude
761 916 813 939 re-

233 952 405 997 demptus
437 952 578 987 abirem
609 951 677 986 VII
709 956 730 986 4
774 953 815 985 ut

232 1001 383 1034 nossent
393 999 481 1043 quid
492 998 627 1043 puppis
639 1000 719 1033 erat
730 998 762 1032 X
771 1002 815 1032 46

209 1047 329 1080 mater
367 1045 503 1080 deuota
540 1056 708 1080 coruscos
752 1045 815 1079 in-

234 1092 393 1138 dulget
430 1092 555 1127 uultus
593 1092 626 1126 II
663 1096 681 1126 7
726 1091 815 1135 *qui

233 1139 443 1184 indulget
469 1139 599 1183 culpas
626 1139 703 1173 Sat.
734 1142 799 1173 150

211 1185 412 1239 sacrilegus
453 1187 654 1220 temerator
696 1185 817 1219 iners

232 1231 404 1267 immicus
442 1234 479 1267 et
516 1231 634 1266 hostis
677 1231 710 1265 V
749 1235 816 1266 237

233 1290 423 1332 nunquam
436 1280 563 1313 taurus
579 1278 676 1313 iner
685 1290 701 1312 s
720 1278 794 1312 lass
798 1288 819 1312 a

235 1325 377 1360 ceruice
439 1324 601 1360 Tonanti
663 1324 819 1359 uictima

233 1371 333 1407 fessa
359 1371 468 1407 datur
498 1371 531 1405 V
558 1376 625 1406 313
663 1373 819 1406 uenator

236 1418 268 1453 si
308 1420 427 1453 cesset
464 1418 583 1453 iners
626 1417 712 1452 VIII
751 1421 818 1452 362

234 1465 375 1510 praeda
412 1464 543 1500 fuisset
579 1465 700 1500 iners
740 1464 817 1498 Sat.

237 1517 304 1547 134
322 1511 461 1547 femina
476 1523 582 1547 sexus
596 1511 715 1547 iners
739 1511 816 1545 Sat.

235 1562 304 1594 218
330 1560 374 1602 cf.
403 1559 515 1594 (Ire-st.
542 1563 609 1593 522
638 1563 702 1594 767

211 1605 278 1641 *et
307 1605 368 1640 hic
395 1605 542 1640 sceleris
569 1608 689 1640 certus
716 1604 818 1639 adul-

235 1654 294 1687 ter
318 1653 439 1688 inest
466 1654 542 1687 Sat.
572 1657 638 1687 158

211 1700 487 1743 infinitiuus
521 1710 590 1743 pro
620 1698 818 1743 participio

237 1744 820 1828 3233‘33350133‘311ffi33ss

680 1805 694 1824 .’
716 1805 740 1825 δ’
789 1803 796 1809 ”

237 1838 425 1874 Mineruae
451 1838 537 1873 VIII
563 1843 606 1874 82

213 1885 370 1931 pauidos
417 1885 633 1921 informat
677 1886 820 1930 egestas

215 1979 479 2016 infrendens
505 1979 591 2013 VIII
617 1983 685 2014 584

214 2027 383 2062 hostibus
418 2026 577 2062 extemis
608 2024 734 2071 grauis
767 2026 823 2060 est

238 2073 451 2109 inimicus
478 2074 516 2108 in
541 2073 653 2108 armis
678 2072 710 2105 V
740 2075 781 2107 18

215 2120 390 2156 dentibus
434 2119 587 2155 inlisis
630 2119 717 2154 VIII
755 2122 823 2153 355

239 2168 285 2210 cf.
314 2168 425 2203 Orest.
452 2171 519 2202 617

214 2212 411 2259 Polynices
436 2214 565 2258 inops
590 2213 624 2248 X
649 2217 716 2249 586

215 2259 398 2305 inquam
423 2261 456 2295 X
482 2265 549 2296 506

215 2305 391 2343 *instar
409 2308 551 2343 habent
562 2308 688 2343 hostes
708 2306 741 2339 V
757 2310 823 2341 233

1408 118 1484 159 107

881 212 1000 247 inter
1025 212 1148 248 uincla
1173 213 1269 248 iacet
1295 215 1326 248 Χ
1355 219 1395 249 19

880 258 1079 293 interius
1117 271 1183 294 uos
1222 259 1325 294 Musa
1362 261 1485 296 Uenus

905 305 1067 349 possidet
1096 306 1144 339 VI
1174 311 1214 340 113

881 363 1072 397 columbas
1122 364 1283 399 molliter
1341 365 1486 399 inten-

906 409 1015 443 dunt
1046 421 1174 444 omues
1200 422 1265 455 per
1290 410 1398 446 inane
1425 424 1486 445 ua-

905 456 985 500 gari
1012 456 1096 489 VIII
1122 461 1190 491 455

882 513 967 547 pars
989 502 1119 536 militis
1139 503 1283 538 intrat
1304 505 1488 549 particeps

905 552 955 583 est
980 550 1056 583 Sat.
1085 554 1152 583 205

884 609 1014 651 sponte
1029 607 1154 642 uenire
1168 608 1275 642 decet
1289 619 1361 643 non
1375 610 1413 643 te
1426 609 1487 644 de-

908 656 967 688 cet
992 654 1058 688 irc
1084 656 1253 698 rogatam
1279 654 1329 688 VI
1355 659 1400 689 24
1426 666 1488 690 110-

907 700 1068 734 lentibus
1107 700 1171 735 ire
1204 712 1269 745 per
1301 703 1400 735 artus
1437 701 1489 735 VI

907 750 951 780 26
984 747 1067 791 plus
1100 749 1173 780 eat
1204 747 1242 781 in
1267 747 1389 782 frenos
1421 747 1490 782 VII

907 797 950 827 83
976 793 1059 837 plus
1085 793 1148 827 ire
1174 805 1240 838 per
1264 794 1433 828 aethram
1457 794 1490 828 Χ

908 844 972 874 501
1015 860 1058 864 —
1095 839 1273 874 *rediet
1310 839 1396 874 VIII
1425 845 1488 874 141

907 886 1056 930 periet
1081 885 1167 919 VIII
1193 890 1261 921 200
1293 886 1415 921 exiet
1441 886 1490 920 IX

909 934 1040 1012 {51205
1062 932 1172 967 Orest.
1191 937 1256 967 168
1279 933 1491 967 rediebat

998 993 1005 1013 1

885 1048 1103 1089 quocunque
1130 1037 1255 1072 iubes
1282 1037 1412 1082 dirigis
1439 1037 1491 1071 iu-

909 1083 1019 1128 genia
1046 1084 1123 1117 §Mat
1147 1088 1187 1118 12
1215 1084 1339 1126 (corda
1365 1095 1491 1128 regen-

910 1132 1003 1173 tum)
1030 1129 1112 1174 pius
1134 1130 1289 1165 inclinas
1309 1141 1395 1165 mox
1415 1130 1491 1165 ubi-

912 1188 1054 1220 cunque
1081 1176 1206 1211 iubes
1234 1177 1311 1211 Sat.
1335 1181 1401 1211 104
1426 1177 1491 1211 iu-

910 1224 986 1258 bet
1018 1234 1119 1257 arma
1151 1223 1330 1258 ministris
1363 1223 1395 1257 X
1425 1227 1492 1258 318

912 1272 957 1313 cf.
984 1269 1034 1303 IV
1064 1273 1105 1304 15
1132 1290 1175 1294 -
1201 1281 1328 1304 omnes
1360 1271 1401 1304 ut
1432 1281 1493 1304 ue-

912 1317 1017 1352 niant
1048 1328 1111 1350 rex
1142 1316 1221 1361 ipse
1253 1316 1381 1350 iubet
1408 1316 1493 1350 VIII

913 1368 980 1398 242
1002 1363 1162 1407 imperat
1184 1364 1295 1406 atque
1314 1362 1494 1397 iubebit

911 1412 953 1445 ut
984 1421 1042 1443 me
1069 1409 1241 1444 restituat
1267 1409 1343 1444 Sat.
1371 1413 1414 1444 49
1442 1409 1494 1443 sic

913 1456 1059 1502 sapiens
1079 1455 1170 1491 olim
1183 1456 1348 1491 Romana
1366 1456 1495 1500 poten-

912 1504 966 1538 tim
1004 1503 1142 1537 iussit
1172 1513 1216 1537 ne
1249 1504 1378 1547 pereat
1411 1501 1495 1537 Car-

909 1551 1002 1595 thag
1004 1561 1024 1584 o
1051 1560 1185 1584 nocens
1211 1548 1245 1581 V
1274 1553 1338 1584 108
1375 1560 1495 1585 nonne

910 1597 970 1632 dei
978 1563 1211 1641 g·p1aecepta
1247 1595 1404 1631 iubent
1450 1608 1495 1631 ne

913 1645 967 1679 sol
989 1643 1099 1678 cadat
1118 1643 1259 1677 intrans
1275 1662 1317 1667 —
1334 1643 1399 1677 sed
1414 1643 1497 1688 pius

913 1692 1013 1725 extet
1044 1691 1181 1724 homo?
1220 1690 1296 1723 Sat.
1326 1694 1391 1724 155
1429 1690 1495 1724 iu-

911 1738 991 1772 bet
1016 1737 1201 1771 iacentem
1226 1735 1378 1771 tendere
1399 1737 1497 1772 colla

912 1784 973 1818 uel
1010 1785 1164 1828 pectora
1200 1793 1316 1827 prona
1350 1783 1498 1827 supinet

913 1830 946 1865 X
971 1834 1036 1865 197
1062 1829 1215 1863 *iubet
1241 1829 1320 1864 uiro
1346 1841 1496 1874 suspen-

915 1877 980 1911 dat
1004 1876 1037 1910 X
1064 1880 1131 1910 256

890 1935 1085 1969 iucunda
1104 1945 1233 1968 manus
1250 1945 1385 1978 pompa
1402 1934 1497 1968 Bac-

915 1982 1014 2017 chica
1041 1981 1071 2015 Χ
1099 1985 1166 2015 274

891 2028 996 2073 iuga
1016 2028 1169 2072 pulchia
1183 2027 1373 2062 uolucrum
1389 2026 1439 2061 VI
1455 2030 1496 2060 77

893 2075 1070 2120 iugales
1096 2075 1178 2119 equi
1203 2073 1235 2107 V
1262 2077 1329 2108 328

892 2121 1071 2167 iugales
1097 2121 1278 2155 columbae
1300 2120 1332 2154 Χ
1355 2124 1419 2155 166
1446 2119 1499 2153 iu-

916 2168 1012 2214 galis
1037 2168 1114 2203 ales
1139 2167 1189 2201 VI
1217 2171 1260 2202 78

894 2214 1063 2260 iugalis
1082 2225 1177 2249 uror
1191 2213 1223 2247 X
1237 2217 1304 2248 294
1325 2214 1369 2255 cf.
1387 2211 1498 2247 Orest.

918 2266 985 2296 247
1008 2261 1186 2306 iugales
1206 2259 1499 2304 comuyesXss'a‘O

894 2308 1066 2353 iugiter
1091 2308 1106 2341 Ι
1133 2311 1153 2342 9
