1635 2522
0 0 131 80 Γ,

563 128 652 160 vm
676 129 854 160 490-553
1297 125 1350 166 47

162 229 356 272 Conubio
378 242 524 269 seruus
545 226 714 268 ueniam
735 225 812 267 sub
836 225 930 280 lege
952 224 1093 266 mariti

76 294 142 326 525
158 285 297 327 Nocte
318 284 468 338 dieque
489 296 650 337 pauens
671 281 873 336 quidnam
894 280 999 322 uelit
1019 280 1093 321 illa
1113 280 1258 321 iubere

162 341 279 390 Quae
299 340 438 394 specie
458 338 651 394 fulgente
671 338 811 378 micat.
853 336 1073 377 Menelaus
1095 337 1265 376 oberrat

160 396 348 439 Numine
369 396 614 449 contempto
635 407 724 435 non
745 392 900 446 dicam,
924 392 1105 447 coniuge
1126 391 1325 445 pulchra,

164 452 367 501 Quamuis
387 465 546 492 numen
567 449 686 491 adest
706 449 882 490 ueniens
903 447 953 489 de
974 448 1104 501 stirpe
1126 447 1335 488 Tonantis

164 508 288 551 Unde
309 521 443 563 genus
465 506 602 548 duco.’
643 519 741 546 mox
762 505 866 546 haec
887 507 951 546 est
971 505 1100 545 uerba
1122 504 1308 557 locutus,

79 573 147 604 530
164 563 416 619 Tyndaridis
436 562 583 603 faciles
604 561 803 616 quatiunt
823 560 1003 614 suspiria
1025 574 1172 601 sensus

161 620 220 662 Et
239 620 299 661 sic
321 633 416 660 orsa
435 617 583 659 refert:
615 620 746 670 ‘quae
767 617 822 658 sit
842 620 933 669 tua,
955 615 1152 670 pulcher,
1175 615 1296 670 origo

161 675 221 717 Te
240 675 444 716 reticente
466 673 601 728 magis
622 672 779 714 dudum
801 672 1081 727 cognouimus
1103 685 1262 712 omnes.

161 730 240 773 Est
260 743 483 772 commune
504 742 658 784 genus:
688 728 848 782 pariter
867 731 941 769 tua
962 740 1094 782 regna
1113 730 1326 781 petamus,

163 785 230 829 Sis
250 786 356 828 mihi
378 788 425 827 tu
446 785 633 827 coniunx
655 788 698 825 et
717 784 796 825 sim
817 783 897 825 tibi
918 782 1089 838 dignior
1110 797 1229 824 uxor.

78 852 144 884 535
160 842 255 885 Hoc
274 856 375 884 nam
395 841 484 883 fata
504 841 653 882 iubent
675 840 744 881 uel
764 854 844 882 nos
863 839 945 881 hoc
966 839 1159 893 Iuppiter
1179 841 1354 894 urguet:

99 946 103 949 ,
164 898 322 941 Uiuere
343 911 410 939 me
431 897 592 953 gemini
612 896 736 938 iussit
755 896 832 937 sub
854 898 966 937 sorte
989 895 1143 936 mariti.

164 954 367 997 Conferet
387 952 527 994 Atridi
548 952 740 1007 quisquis
761 966 827 993 me
849 951 968 992 duxit
988 954 1154 992 ama-tor

162 1009 224 1053 Ut
243 1010 391 1052 uiuum
411 1009 623 1062 linquam,
645 1022 734 1050 non
754 1008 839 1049 iam
860 1007 1067 1048 moriente
1089 1006 1264 1060 marito,

163 1066 269 1108 Post
287 1065 499 1107 thalamos
519 1064 645 1119 primi
667 1064 734 1106 cui
755 1064 912 1105 debent
931 1063 1020 1104 fata
1040 1061 1301 1104 secundum.’

78 1130 146 1162 540
162 1122 285 1164 Dixit
305 1124 348 1163 et
367 1121 524 1177 egressi
546 1134 709 1175 puppes
731 1123 774 1161 et
792 1120 920 1161 litora
939 1122 1133 1173 poscunt.

163 1178 277 1220 Dum
297 1181 445 1232 portus
466 1177 724 1230 classemque
745 1179 910 1230 petunt,
929 1175 1114 1228 respexit
1134 1174 1186 1215 ad
1208 1174 1355 1216 urbem

163 1234 316 1276 Pastor
337 1236 380 1275 et
399 1233 619 1288 ingentem
640 1232 748 1273 uidit
768 1245 1023 1286 consurgere
1043 1231 1200 1272 nubem

163 1289 357 1332 Pulueris
378 1289 552 1342 extorti,
574 1289 710 1330 mouit
732 1303 858 1342 quam
878 1288 1003 1329 turba
1025 1290 1289 1341 sequentum.
1365 1295 1406 1326 [p.
1426 1295 1472 1328 60]

165 1345 285 1388 Tunc
294 1345 415 1387 Paris
432 1344 677 1399 adloquitur
686 1344 958 1385 comitantem
975 1343 1132 1397 praedo
1142 1343 1334 1396 rapinam
1347 1357 1356 1383 ε

79 1410 144 1442 545
164 1401 427 1444 ‘Occidimus
448 1400 597 1455 regina
616 1414 758 1454 pares,
780 1414 859 1441 nos
881 1398 1008 1441 Graia
1029 1399 1229 1440 iuuentus

164 1457 427 1512 Insequitur,
453 1455 595 1511 gladio
618 1456 799 1511 uestigia
818 1459 965 1497 nostra
986 1455 1154 1508 sequaci

165 1513 392 1568 Captatum
413 1512 610 1567 peruenit
629 1512 710 1553 iter
730 1512 971 1566 quicunque
994 1510 1161 1552 satelles

166 1569 371 1625 Coniugis
394 1568 553 1609 Atridis
575 1568 780 1609 subnixus
802 1572 843 1609 et
864 1567 1031 1622 hospite
1052 1570 1204 1608 turma.

167 1625 259 1667 Nos
281 1628 540 1666 armatorum
561 1624 730 1678 rapient
750 1624 801 1665 ad
822 1623 933 1665 bella
954 1623 1151 1665 cohortes

79 1689 146 1722 550
162 1681 221 1723 Et
240 1695 404 1722 mecum
424 1680 605 1722 fortasse
628 1681 749 1721 cades
770 1680 806 1721 si
829 1679 915 1721 tela
935 1681 1195 1733 sequentur.'

165 1737 286 1778 Tunc
298 1735 508 1791 Spartana
516 1734 666 1777 refert:
689 1736 884 1788 ‘iuuenis,
903 1735 1004 1789 quid
1015 1737 1161 1776 nostra
1171 1734 1359 1775 retardas

162 1792 345 1835 Pectcra
366 1791 620 1846 colloquiis?
650 1790 893 1847 Phrygibus
915 1795 1058 1832 tamen
1080 1805 1196 1831 arma
1218 1804 1359 1844 capes-

1023 1850 1118 1888 sant

166 1904 264 1946 Rex'
277 1904 427 1945 dilecte
449 1904 567 1957 iube,
590 1917 758 1958 gressus
779 1903 961 1944 celerare
982 1903 1199 1944 ministros

170 1997 236 2028 524
262 1995 453 2028 Connubio
475 1996 479 2033 Ι
501 1995 652 2026 maritus
679 1995 747 2026 Ill!
835 1996 899 2027 525
924 1995 1018 2026 malis
1043 1993 1128 2035 quid
1152 1994 1224 2024 iam
1294 1993 1359 2025 526

81 2041 230 2074 oberrat
253 2051 344 2073 corr.
369 2051 414 2072 ex
439 2040 584 2072 oberret
675 2041 740 2072 529
771 2041 865 2072 malis
892 2040 953 2070 uix
1046 2040 1111 2071 534
1141 2037 1200 2070 Sic
1226 2039 1259 2069 in
1283 2048 1359 2070 cor-

79 2090 229 2118 rectura.
275 2090 388 2127 potest
417 2085 524 2124 fuisse
555 2085 605 2116 sis
637 2086 727 2127 quod
755 2086 975 2116 restituerunt
1002 2083 1069 2115 JM
1090 2082 1095 2125 Ι
1117 2084 1170 2114 tui
1203 2087 1265 2114 tua
1290 2082 1361 2114 [M

80 2131 144 2163 537
172 2130 325 2172 quisque
349 2140 440 2162 corr.
471 2129 536 2161 IM
621 2131 687 2162 543
711 2134 832 2161 mouet
914 2130 980 2161 544
1005 2129 1121 2170 patris
1147 2138 1238 2161 corr.
1264 2127 1354 2166 IMfl

81 2176 281 2208 comitante
313 2185 403 2207 corr.
430 2174 500 2206 [M
589 2174 654 2207 545
687 2185 800 2216 regna
832 2185 922 2207 corr.
949 2173 1018 2205 JM
1111 2174 1173 2205 547
1204 2173 1254 2204 iet
1276 2182 1358 2214 pro-

79 2221 191 2262 posuit
216 2219 341 2252 Buech.
364 2219 370 2259 Ι
392 2219 615 2261 quiccunque
691 2220 756 2251 548
781 2219 900 2251 Aridis
925 2229 1016 2251 corr.
1042 2218 1110 2249 IM
1186 2219 1251 2249 549
1275 2217 1359 2248 Mox

82 2265 87 2304 Ι
115 2265 262 2307 rapiens
293 2275 378 2306 quae
409 2264 536 2298 Buech.
571 2265 697 2296 indicat
727 2275 827 2305 posse
863 2265 974 2296 teneri
1001 2263 1180 2295 scribendo
1213 2261 1358 2294 Atrides

81 2310 148 2342 550
173 2309 264 2342 cade
289 2320 378 2342 corr.
407 2309 476 2341 1³!
566 2311 629 2342 551
656 2308 820 2341 retardes
