1635 2522
284 60 336 102 68
838 61 1006 93 MEDEA

369 158 484 208 Quae
506 159 616 200 sicco
637 173 840 201 mucrone
863 158 1019 200 cadet-‚³
1060 173 1265 200 conuersa
1285 159 1478 201 sacerdos

367 215 436 256 Ad
456 215 673 256 iuuenem:
706 215 795 256 ‘dic
817 217 947 256 nauta
967 215 1117 269 fugax,
1138 215 1276 268 pirata
1296 215 1499 256 nefande:

367 270 446 312 Est
466 285 639 312 consors
659 273 854 311 matrona
875 270 1025 311 decens
1047 284 1101 310 an
1122 270 1279 311 caelibe
1299 271 1390 312 uita

285 335 351 365 250
368 326 500 380 Degis
517 325 653 367 adhuc
671 326 919 380 nullumque
937 326 1051 367 domi
1070 326 1144 366 tibi
1158 326 1314 388 pignus
1331 326 1555 368 habetur?’

367 381 536 423 ‘Solus’
560 382 620 422 ait
642 382 870 435 captiuus
884 395 984 436 ego,
1005 381 1111 422 mihi
1131 381 1313 436 pignora
1333 381 1454 423 nulla

368 437 573 491 Coniugis
595 440 668 478 aut
688 437 859 478 sobolis.
873 441 882 457 '
908 414 1048 477 C>dietis
1067 450 1214 491 ganisa
1238 437 1388 492 uirago

367 492 533 533 Blanda
553 492 701 533 refert:
734 493 813 533 ‘uis
836 506 936 547 ergo
961 506 1078 533 meus
1093 506 1208 533 nunc
1224 506 1312 533 esse
1333 492 1509 534 maritus
1518 492 1557 533 ?’

371 553 382 570 ²
398 547 576 589 Seruus'
598 547 725 589 Iason
745 548 836 589 ait‘
848 551 1015 589 tantum
1035 562 1088 588 ne
1110 548 1199 589 uita
1220 550 1401 602 negetur

288 613 350 643 235
367 603 426 645 Te
447 617 598 658 precor
618 606 659 644 et
681 603 896 644 dominam
916 603 1065 645 fateor.
1078 607 1089 624 ²
1132 604 1190 645 sic
1211 604 1336 645 fatus.
1380 606 1424 644 at
1444 603 1519 644 illa

370 659 547 714 Rumpit
568 660 710 700 uincla
730 659 929 713 iubetque
951 660 1043 700 uiro
1065 659 1296 713 suspendat
1316 659 1368 700 ab
1389 659 1472 700 aris

372 715 432 756 Ut
452 715 617 756 facinus
637 718 791 769 purget
813 715 1045 769 proprium.
1085 718 1211 756 uocat
1231 715 1322 769 ipsa
1342 715 1542 756 maritum

371 771 573 812 Uestibus
594 771 790 812 indutum
812 770 949 824 Tyriis
971 785 1075 824 quas
1096 771 1252 811 sericus
1274 771 1406 811 ambit

370 826 514 867 Mollis
536 829 578 867 et
598 827 643 867 in
663 826 801 867 medio
824 826 990 866 fuluum
1011 825 1261 867 distinxerat
1281 840 1450 879 aurum,

285 891 351 921 ‘2⁴30
369 882 538 922 Blattea
558 881 740 935 puniceo
761 882 983 923 radiabant
1003 882 1183 923 stamina
1203 882 1289 923 filo.

368 937 556 992 Expauit
575 938 739 990 nutrix,
763 951 908 978 omnes
929 941 1126 991 stupuere
1147 937 1344 978 ministri.

369 995 429 1034 At
450 1008 555 1046 puer
574 993 820 1048 ignipotens
841 993 978 1034 uictor
1004 1007 1079 1047 per
1099 993 1257 1047 templa
1274 991 1522 1046 triumphat,

369 1049 519 1090 Nudus
540 1049 650 1090 ludit
669 1048 859 1103 Hymen,
881 1048 1022 1090 11101113
1042 1048 1219 1089 lasciuia
1238 1049 1383 1102 saltat,

372 1105 537 1146 Blanda
557 1104 691 1146 libido
714 1105 818 1157 0011,
841 1104 1020 1158 simplex
1041 1104 1214 1145 affectus
1234 1104 1448 1157 inhaeret,

287 1170 351 1199 :13
372 1160 554 1201 Ludicra
573 1161 764 1214 puniceis
785 1160 1042 1201 iesonabant
1064 1160 1206 1201 oscula
1226 1160 1376 1213 labris,

370 1216 487 1257 Dant
507 1216 654 1257 faciles
675 1216 847 1270 plausus
869 1215 1095 1257 concordia
1114 1216 1252 1271 gratia
1270 1215 1407 1256 lusus:

371 1271 560 1326 Sponsus
580 1272 707 1313 Iason
729 1274 818 1312 erat
838 1272 1027 1326 gaudens
1050 1274 1091 1312 et
1111 1286 1266 1325 sponsa
1287 1270 1480 1312 sacerdos

370 1328 439 1368 Ad
458 1328 670 1369 thalamos
690 1330 789 1381 post
808 1327 968 1381 templa
987 1327 1086 1367 ruit.
1121 1331 1223 1368 tunc
1243 1327 1439 1381 pronuba
1454 1326 1562 1368 Iuno

372 1383 525 1424 Adfuit
545 1386 586 1424 et
606 1387 748 1438 giates
770 1382 950 1424 Ueneris
970 1382 1153 1423 facunda
1174 1383 1365 1423 canebat.

288 1448 329 1477 ‘2‘
318 1448 355 1478 O
371 1439 481 1480 Ecce
502 1439 814 1493 triumphantes
835 1438 1020 1494 ingl-atia
1042 1438 1146 1479 dura
1166 1438 1328 1501 iugales

374 1495 706 1558 ConsequiturD
681 1508 826 1535 0103311
849 1508 1040 1547 00113013,
1064 1494 1224 1535 obliuio
1246 1494 1398 1548 iungit.

166 1574 206 1604 [p.
225 1573 270 1603 86]
374 1551 587 1592 Marcidus
607 1551 770 1591 11110103
791 1550 962 1591 domitis
982 1550 1172 1591 rediebat
1192 1550 1244 1591 ab
1264 1549 1385 1591 Indis

372 1607 500 1648 Liber
521 1607 769 1648 anhelantes
792 1605 978 1647 residens
998 1609 1097 1660 post
1115 1606 1278 1659 proelia
1301 1606 1452 1660 tigres,

372 1662 506 1711 Quem
528 1663 718 1716 sequitur
739 1661 922 1705 iucunda
943 1676 1093 1702 manus
1115 1662 1266 1702 saltare
1287 1664 1436 1715 parata

289 1727 354 1758 275
372 1718 504 1759 Ebria
525 1718 763 1772 pampineis
785 1717 965 1758 miscens
986 1717 1167 1772 uestigia
1187 1716 1263 1771 th>
1266 1717 1358 1758 rsis.

373 1773 515 1816 Sensit
536 1774 809 1815 amorifeium
831 1772 1070 1827 Scythicam
1092 1773 1231 1813 fixisse
1254 1772 1420 1828 sagittis

372 1830 430 1871 Et
450 1830 667 1871 uolucrem
688 1844 866 1884 puerum
886 1828 1137 1883 populatum
1156 1808 1326 1882 templa
1336 1827 1519 1869 Dianae:

378 1978 444 2009 ‘248
471 1977 621 2019 dignata
713 1977 778 2008 250
803 1978 921 2007 lacuna
946 1976 1096 2007 indicata
1120 1980 1170 2008 est
1195 1977 1292 2007 ctiam
1312 1987 1332 2017 γ
1425 1975 1490 2007 256
1515 1975 1566 2006 iu-

290 2022 446 2063 uenique
471 2033 561 2054 corr.
580 2021 709 2053 Bueelz.
732 2021 737 2061 Ι
759 2021 860 2061 uirgo
883 2020 887 2061 Ι
909 2020 1096 2062 suspendit
1122 2031 1211 2053 corr.
1239 2020 1364 2052 Buech.
1391 2025 1567 2061 corrupte-

1083 2071 1095 2088 S

289 2101 341 2130 lae
367 2104 446 2131 nota
472 2100 585 2130 uer-vui
608 2100 767 2140 praefica
792 2104 842 2131 est
919 2100 982 2131 258
1009 2109 1113 2140 quam
1200 2099 1265 2130 260
1291 2097 1418 2129 Rhitoa
1502 2098 1567 2129 267

290 2148 367 2175 ante
393 2143 564 2176 sacerdos
596 2145 770 2185 repetitum
803 2153 908 2175 saceo
941 2143 1078 2184 (initium
1104 2144 1224 2175 literae
1251 2141 1285 2182 d)
1378 2143 1443 2174 268
1469 2141 1570 2174 ducit

292 2192 328 2219 et
352 2188 447 2220 hune
474 2199 564 2221 corr.
593 2188 718 2220 Bneclz.
800 2189 865 2220 ‘2ss9
890 2189 983 2220 malis
1008 2188 1144 2221 Ueneri
1220 2189 1282 2219 ‘271
1310 2197 1454 2229 gressus
1479 2197 1569 2219 corr.

291 2233 417 2266 theclz.
512 2235 576 2265 ‘275
603 2234 711 2274 tyrsis
