1635 2522
300 98 356 140 32
839 99 1036 131 HELENA

386 197 470 239 Pro
493 198 642 238 matris
662 197 850 238 thalamo
873 211 1030 250 poenas
1052 196 1253 250 dependit
1274 196 1474 238 Achilles.

322 262 366 293 50
390 253 512 295 Unde
535 254 639 294 haec
661 267 788 294 causa
808 252 923 293 fuit?
953 252 1100 293 forsan
1121 251 1394 293 Telamonius
1415 252 1526 293 Aiax

389 308 602 350 Sternitur
622 309 807 349 inuictus
829 307 943 362 quod
962 311 1097 348 mater
1116 307 1279 348 reddita
1298 322 1386 348 non
1407 310 1472 348 est

388 364 575 405 Hesione
596 364 783 405 Priamo:
810 364 870 405 sic
892 366 955 404 est
976 363 1074 403 data
1095 377 1221 403 causa
1242 363 1426 416 rapinae.

391 419 476 461 Cur
497 422 645 474 gentes
668 419 852 460 cecidere
879 419 1017 471 simul,
1040 432 1114 459 cur
1135 432 1257 458 sexus
1278 421 1455 472 uterque

391 474 608 528 Concidit,
629 474 786 515 infanti
807 475 949 515 nullus
971 477 1068 527 post
1088 473 1199 514 bella
1218 473 1437 527 pepercit?

325 540 367 569 55
393 530 461 572 Sic
482 530 606 571 dolor
627 530 815 584 exsurgit
837 530 1002 581 diuum,
1024 529 1083 570 sic
1103 529 1166 570 ira
1187 529 1384 582 polorum

391 585 538 628 Saeuit
560 589 602 626 et
623 589 809 626 errantes
831 585 928 625 talis
951 585 1138 626 uindicta
1160 584 1355 626 coercet‘.>

393 641 669 695 Compellunt
690 642 840 682 audere
863 641 1002 681 uirum
1023 641 1124 694 fata,
1146 641 1277 694 impia
1296 640 1385 681 fata

393 697 509 745 Quae
533 697 644 738 flecti
666 697 921 750 quandoque
943 700 1125 751 negant,
1148 696 1300 750 quibus
1322 696 1449 737 obuia
1467 710 1589 738 num-

1249 766 1376 805 quam

391 808 475 849 Res
501 822 792 862 quaecumque
813 808 945 860 uenit,
967 807 1061 862 quis
1083 808 1233 848 semita
1254 807 1373 848 nulla
1392 810 1563 849 tenetur

331 873 374 903 60
400 864 538 905 Obuia
556 864 654 905 dum
671 864 862 917 ueniunt,
873 864 1025 917 quibus
1037 863 1180 904 omnia
1197 863 1337 904 clausa
1353 866 1589 916 patescunt.

197 921 238 956 [Ρ-
259 919 302 953 39]
397 920 488 961 Iam
510 934 613 974 grex
634 919 842 972 horretur,
865 919 1006 960 fontes
1027 934 1121 960 casa
1142 933 1297 973 pascua
1316 919 1449 960 siluae

397 975 598 1017 Flumina
626 990 726 1016 rura
746 976 894 1030 pigent
913 989 991 1016 nec
1012 975 1154 1016 fistula
1175 974 1308 1016 dulcis
1329 979 1506 1027 amatur,

397 1031 498 1073 Non
521 1031 661 1085 placet
682 1031 857 1072 Oenone
878 1031 950 1072 sed
972 1031 1055 1072 iam
1076 1045 1209 1085 prope
1230 1031 1366 1084 turpis
1387 1030 1567 1072 habetur

397 1087 462 1128 Ex
485 1102 569 1140 quo
591 1087 769 1140 pulchra
790 1087 937 1128 Uenus
960 1088 1088 1128 talem
1110 1087 1308 1140 promisit
1327 1086 1374 1126 in
1393 1086 1468 1127 Ida

333 1152 374 1182 65
401 1143 548 1191 Qualis
569 1143 682 1183 nuda
702 1143 802 1184 fuit:
825 1143 952 1184 talem
975 1143 1061 1183 iam
1082 1146 1227 1197 pastor
1247 1141 1432 1183 anhelat.

399 1198 583 1240 Sordent
603 1213 705 1239 arua
726 1199 818 1240 uiro
840 1203 937 1253 post
957 1199 1096 1253 iurgia
1128 1202 1248 1239 tanta
1269 1197 1455 1250 dearum,

399 1254 608 1309 Pergama
629 1255 719 1296 sola
738 1255 920 1308 placent,
942 1262 984 1296 et
1005 1257 1174 1295 moenia
1195 1268 1395 1308 quaerere
1416 1253 1569 1295 Troiae

400 1310 522 1351 Mens
544 1314 586 1351 et
605 1310 695 1351 fata
716 1311 876 1351 iubent.
917 1311 1105 1352 monitus
1127 1310 1246 1351 Paris
1269 1310 1414 1350 omnia
1433 1312 1561 1351 norat

402 1365 604 1406 Blandita
623 1367 787 1407 nutrice
809 1381 926 1420 puer,
949 1381 1032 1420 quo
1056 1366 1263 1420 sanguine
1286 1369 1437 1418 cretus,

336 1430 379 1460 70
401 1420 482 1469 Qui
492 1435 639 1476 genUS,
650 1421 760 1462 unde
771 1422 933 1475 domus,
946 1422 1199 1475 rapiensque
1213 1421 1443 1475 crepundia
1452 1423 1598 1475 pastor

402 1477 635 1518 Troianum
657 1478 857 1531 carpebat
877 1478 970 1519 iter.
1013 1479 1082 1518 uix
1105 1478 1270 1518 uiderat
1290 1491 1429 1518 arcem

402 1533 578 1586 Lassus,
601 1537 643 1574 et
663 1535 847 1574 intactae
868 1534 1157 1587 procumbunt
1177 1533 1364 1574 culmina
1380 1533 1512 1581 >turris

402 1589 589 1643 Ingemit
610 1593 653 1630 et
672 1589 811 1641 tellus,
833 1590 942 1630 muri
963 1604 1060 1644 pars
1082 1593 1195 1631 certa
1216 1593 1390 1643 repente

406 1645 603 1686 Concidit
624 1648 666 1686 et
687 1645 840 1687 Scaeae
861 1647 1084 1687 iacuerunt
1104 1646 1251 1686 limina
1272 1649 1431 1699 portae,

341 1709 383 1739 75
408 1701 527 1741 Tunc
550 1700 703 1742 Simois
725 1702 901 1743 siccauit
922 1717 1064 1755 aquas,
1088 1701 1333 1755 crystallina
1354 1699 1531 1751 Xanthi-

406 1756 614 1797 Fluminis
636 1757 749 1798 unda
771 1758 904 1810 rubet,
927 1757 1048 1798 sudat
1069 1761 1238 1811 pastore
1260 1757 1502 1811 propinquo

408 1812 647 1853 Palladium
669 1813 736 1853 uel
759 1817 910 1866 sponte
931 1813 1088 1854 cadunt
1109 1813 1334 1854 simulacra
1354 1812 1586 1855 Mineruae.

407 1867 534 1909 Forte
557 1868 644 1909 (lies
666 1869 882 1910 sollemnis
904 1874 994 1910 erat
1015 1883 1099 1923 quo
1123 1869 1328 1923 Pergama
1350 1872 1489 1910 rector

414 1961 456 1991 49
484 1959 658 2000 (leponslit
683 1971 771 1991 eurr.
800 1961 867 1991 ll!
945 1963 986 1992 52
1018 1963 1100 1991 Esto
1129 1972 1169 1991 ne
1197 1972 1285 1991 (Ὃνϊ.
1307 1960 1374 1992 IJI
1457 1961 1500 1992 53
1525 1969 1604 1992 eum

326 2013 432 2036 sexus
458 2015 546 2035 corr.
579 2005 646 2035 lJ!
706 2007 747 2036 54
774 2007 1003 2046 pou-peporcit
1069 2007 1110 2037 55
1139 2007 1273 2037 vom-cit
1297 2011 1332 2036 nt
1356 2006 1489 2036 uidetur
1512 2014 1602 2037 cor-⁷⁹.

326 2059 372 2080 ex
399 2053 543 2079 cocrcot
569 2060 658 2081 corr.
689 2049 758 2081 [M
818 2052 859 2081 59
886 2055 1007 2082 tuetur
1037 2051 1158 2081 lssmea-lz.
1185 2062 1223 2084 m.
1243 2051 1291 2081 νὴ.
1373 2050 1415 2080 62
1441 2053 1606 2082 armatur

327 2104 417 2125 corr.
451 2093 518 2124 IJ!
632 2095 674 2125 63
706 2105 863 2125 oenones
903 2096 971 2126 iam
1017 2105 1139 2136 prope.
1191 2105 1283 2136 quae
1317 2095 1384 2125 iam
1423 2098 1607 2133 posuerunt

329 2137 398 2169 IM
488 2139 529 2168 (3ss
557 2139 673 2178 urigia
699 2150 744 2171 (nv
771 2141 894 2179 urcgia
922 2142 1054 2171 m'detur
1079 2146 1263 2171 correctum
1289 2151 1378 2172 cot-r.
1402 2139 1473 2171 Id!
1564 2140 1607 2172 70

330 2182 432 2222 Quod
460 2192 573 2223 genus
604 2183 667 2214 lJl
759 2185 800 2215 73
827 2183 943 2225 certa]
978 2186 1072 2215 mnis
1097 2196 1161 2226 qun
1187 2187 1278 2214 lmus
1294 2186 1416 2225 aliquis
1439 2185 1603 2226 significe-

330 2233 383 2258 tur·
409 2238 522 2258 numen
553 2229 726 2268 prosarium
821 2230 862 2260 74
889 2230 1022 2260 lumina
1050 2240 1141 2261 cunr.
1169 2229 1237 2260 IJ!
1328 2231 1370 2260 75
1402 2228 1607 2261 cristallina

329 2273 429 2303 xanti
494 2273 535 2304 78
562 2273 730 2304 solemnis
755 2284 799 2304 m*
826 2274 1011 2305 s011-=1n¹1is
1037 2285 1159 2305 rasura
1184 2278 1338 2305 nudatum
