1635 2522
638 82 669 113 v
702 83 889 115 178—232
1362 84 1411 125 17

135 188 202 221 205
219 180 407 223 Diuitiae
427 181 584 222 nimiae
604 194 770 234 semper
789 180 925 222 fecere
945 183 1172 234 tyrannos:

219 236 333 278 Hinc
354 235 514 277 Marius
535 235 635 277 hinc
657 235 773 290 Sylla
792 236 907 277 ferus
929 236 1028 277 hinc
1040 235 1178 278 Cinna
1198 241 1410 290 cruentus,

219 291 323 333 Inde
344 291 429 333 fuit
448 294 619 344 Caesar,
641 291 874 333 dominatio
896 293 1033 346 prima
1057 295 1239 333 senatus.

218 346 330 389 Nam
354 347 538 388 domitor
557 347 719 400 Libyae
740 347 949 388 bellorum
971 346 1113 401 Scipio
1135 348 1299 389 fulmen

220 402 360 444 Fortis
381 403 549 444 adultus
571 402 707 444 adhuc
729 406 843 444 totos
864 404 936 457 qui
960 404 1061 444 uicit
1082 403 1263 445 Hiberos

136 467 204 498 210
223 457 562 512 Hannibalisque
583 462 744 499 trucem
765 459 894 514 fregit
913 474 989 513 per
1009 459 1119 500 bella
1139 459 1329 501 furorem

221 515 285 556 Ac
305 514 601 568 populatorem
622 513 840 556 Romanae
861 515 1001 569 gentis
1021 514 1164 570 adegit

222 568 402 612 Sorbere
421 569 688 611 mortiferum
709 584 784 611 ceu
806 571 959 624 pocula
977 571 1132 612 blanda
1154 585 1367 612 uenenum

220 625 280 666 Et
302 628 429 679 caput
448 625 681 666 infaustum
703 625 869 680 legatus
891 627 1006 667 uexit
1027 625 1078 667 ad
1100 628 1260 679 urbem,

221 680 464 722 Minturnas
485 680 683 734 depulsus
705 681 807 722 obit.
848 682 943 735 pius
964 681 1062 722 inde
1081 681 1283 723 Camillus

138 745 205 776 215
225 735 380 778 Missus
400 737 446 778 in
467 737 653 788 exilium,
675 751 753 777 nec
774 736 958 778 Romula
977 740 1090 778 tecta
1111 737 1274 779 uideret

222 791 280 834 Ni
301 792 402 833 satis
423 792 605 845 offerret,
629 792 765 833 uictor
786 793 886 834 licet
906 793 1002 834 exul
1024 793 1076 834 ab
1098 793 1213 846 urbe,

223 847 331 890 Cum
353 847 644 890 Romanorum
667 848 801 889 Gallis
824 849 979 889 uexilla
999 849 1178 901 tulisset,

223 903 335 945 Exul
355 907 398 945 et
419 905 598 945 extorris
619 905 773 945 meruit
795 904 844 945 de
866 904 982 945 clade
1003 905 1281 958 triumphum.

225 959 440 1001 Mentibus
461 960 659 1015 ingenuis
680 974 845 1014 semper
865 975 942 1014 pro
965 960 1058 1015 lege
1079 963 1240 1001 tenete:

139 1023 206 1055 220
226 1014 409 1057 Solliciti
429 1017 599 1056 ueniam
620 1015 775 1057 debent
795 1030 962 1069 sperare
984 1019 1180 1069 potentes

225 1069 368 1113 Securi
390 1085 444 1112 ne
464 1085 597 1126 regna
617 1075 777 1125 petant.
809 1072 881 1112 das
903 1072 989 1113 otia
1011 1086 1148 1124 seruo,

225 1126 327 1168 Mox
348 1127 455 1168 liber
475 1128 568 1168 uult
589 1141 678 1168 esse
699 1141 812 1168 suus.
855 1128 939 1168 iam
960 1142 1085 1168 nemo
1108 1127 1276 1181 quietus
1434 1141 1471 1176 [p.
1492 1141 1534 1175 ιε]

224 1182 383 1224 Diuitis
404 1183 569 1224 insidiis
591 1183 759 1224 durabit
779 1197 964 1237 paupere
987 1197 1120 1224 caeso.

184 1328 402 1376 Quaestio:
429 1330 488 1371 At
511 1329 695 1382 inquies:
724 1329 797 1371 sed
822 1329 910 1383 legi
936 1328 1164 1383 parendum
1190 1331 1255 1370 est
1281 1340 1386 1381 quae

228 1388 374 1430 sanxit
391 1389 442 1429 ut
460 1388 530 1429 uir
549 1387 676 1430 fortis
695 1389 813 1442 optet
831 1389 1059 1442 praemium
1080 1387 1190 1441 quod
1209 1387 1338 1430 uolet.

229 1477 273 1520 Si
295 1478 410 1533 leges
430 1481 610 1520 tractare
630 1479 790 1532 placet,
815 1479 1013 1520 ueniatur
1033 1478 1085 1519 ad
1106 1478 1220 1519 illas:

144 1543 211 1574 225
231 1535 428 1588 Accipiat
449 1534 730 1588 quodcunque
751 1534 855 1575 uelit
876 1535 942 1575 uir
962 1534 1086 1575 fortis
1109 1538 1151 1575 et
1173 1537 1302 1587 optet.

229 1589 324 1632 Hoc
345 1591 464 1644 cupit
484 1594 526 1631 et
546 1604 719 1644 pauper,
741 1605 818 1644 pro
840 1595 942 1632 uoto
965 1590 1108 1631 diuitis
1130 1590 1273 1643 instat,

230 1645 291 1687 Ut
311 1649 481 1687 maneat
501 1646 568 1686 lex
590 1646 675 1687 lata
695 1650 830 1701 rogat.
860 1647 1039 1687 uenialis
1062 1647 1203 1700 imago

230 1705 321 1743 Aut
340 1701 456 1743 ualet
476 1705 550 1742 aut
570 1705 682 1742 certe
703 1702 973 1743 simulacrum
996 1703 1090 1756 lege
1110 1705 1344 1756 perempta.

230 1757 398 1798 Interea
421 1759 510 1799 n'on
530 1771 627 1798 aera
644 1757 813 1811 micent,
836 1772 925 1799 non
946 1772 1157 1799 marmora
1179 1759 1369 1811 surgant,

148 1821 216 1853 230
234 1813 325 1855 Nec
346 1813 424 1854 sub
445 1813 538 1869 lege
559 1813 629 1867 pia
650 1813 774 1854 fortis
796 1828 908 1855 noua
930 1814 1117 1868 praemia
1139 1816 1315 1867 quaerat

234 1868 351 1918 Quae
380 1869 553 1910 damnat
572 1883 671 1910 mox
693 1873 844 1923 sponte
865 1885 952 1911 sua.
990 1884 1079 1911 non
1108 1870 1332 1910 submonet
1352 1883 1428 1910 un-

1121 1939 1219 1966 uam

237 1980 364 2036 Legis
382 1984 505 2021 cauta
525 1980 645 2021 furor
665 1995 791 2034 quam
813 1980 915 2022 dant
935 1995 1014 2035 pro
1035 1940 1158 2022 latiide
1179 1980 1399 2035 triumphi.

240 2084 305 2115 205
329 2086 546 2124 corruptelae
571 2085 696 2125 signum
720 2084 928 2124 praefixum.
961 2086 1103 2124 spolium
1135 2085 1254 2114 nullum
1279 2084 1431 2114 relictum

150 2131 199 2160 est
291 2129 356 2160 ‘208
389 2127 594 2159 dominator
623 2130 837 2169 corruptelae
870 2133 949 2160 nota
981 2129 1094 2160 uersui
1121 2129 1323 2169 praeposita
1347 2132 1398 2159 est
1426 2142 1428 2163 ε

151 2172 291 2214 Lybiae
360 2174 425 2204 216
451 2172 520 2204 lice
599 2174 664 2205 220
691 2178 861 2214 parentes
940 2174 1003 2205 223
1030 2173 1165 2204 dui-aut
1242 2174 1307 2204 225
1332 2171 1433 2203 uolet

150 2227 243 2250 corr.
275 2227 321 2249 ecc
351 2216 442 2248 uelit
542 2218 607 2249 228
632 2218 713 2258 lege
744 2219 776 2249 in
809 2228 931 2250 rasura
1024 2219 1088 2250 ‘229
1120 2221 1273 2259 surgunt
1366 2217 1431 2249 232

150 2264 365 2303 corruptelae
391 2267 470 2294 nota
495 2264 608 2294 uersui
629 2264 789 2303 praefixa
811 2261 816 2302 Ι
846 2262 954 2305 Leg'is

217 2317 391 2342 Ducoxm
410 2316 556 2343 carmina.
1143 2319 1163 2349 2
