1635 2522
275 97 330 138 30
727 97 1112 130 EPITHALAMIUM

359 198 419 237 At
438 197 610 237 uolueer
630 195 810 237 Ueneris
831 194 1015 236 uolitans
1035 209 1161 248 super
1181 209 1365 248 aequora
1385 194 1530 248 pinnis

277 261 340 291 155
360 252 449 293 Iam
471 265 674 306 spargens
689 252 766 292 sub
787 250 934 291 fraude
947 265 1063 291 rosas
1083 254 1226 291 tamen
1246 251 1344 304 igne
1365 250 1544 304 sagittas

359 307 534 348 Mandat
554 307 606 348 ad
627 320 858 361 aequoreos
879 306 1054 347 comites
1075 308 1117 346 et
1136 305 1292 360 frigida
1310 306 1432 359 ponti

359 364 561 417 Aequora
577 363 765 403 flammat
780 365 914 413 atrox,
925 362 1133 403 elementa
1149 364 1197 402 ut
1211 364 1312 402 uota
1322 361 1547 402 eelebrent.

359 418 476 459 Haec
497 418 649 459 dixisse
671 422 735 459 sat
756 421 838 459 est:
860 418 932 458 sed
953 418 1025 470 qui
1046 417 1171 458 modo
1192 417 1282 457 iure
1302 420 1503 470 tacemus,

362 473 516 515 Omnia
535 474 756 515 reddemus
778 472 1032 527 quandoque
1052 472 1280 527 nepotibus
1301 472 1437 513 almis.

732 531 835 583 Exp.
857 529 1184 583 Epithalamium

834 588 1005 630 Ioannis
1031 589 1074 629 et

864 646 1046 688 Uitulae.

160 828 200 861 [υ-
219 830 260 863 ³⁷1
497 817 611 859 VIII.
655 816 875 858 Dracontii
895 827 997 869 opus
1018 815 1066 857 de
1085 817 1212 869 raptu
1231 814 1422 856 Helenae.

361 918 537 959 Troiani
557 918 782 972 praedonis
803 918 883 959 iter
902 921 1153 971 raptumque
1174 916 1391 957 Lacaenae

360 974 418 1016 Et
437 975 649 1028 pastorale
669 973 862 1015 scelerati
883 973 1066 1027 pectoris
1089 987 1240 1013 ausum

361 1030 599 1085 Aggrediar
619 1030 792 1071 meliore
814 1030 895 1070 uia.
936 1044 1036 1069 nam
1057 1029 1272 1082 prodimus
1294 1028 1460 1069 hostem

361 1086 554 1140 Hospitis
576 1090 617 1128 et
638 1085 814 1126 thalami
836 1085 1113 1139 populantem
1133 1085 1227 1125 iura
1247 1084 1389 1124 mariti

323 1151 342 1181 5
364 1142 553 1184 Foedera-
573 1141 761 1196 coniugii
783 1141 997 1182 consortia
1017 1140 1171 1181 blanda
1192 1139 1366 1194 pudoris

362 1198 583 1239 Materiem
604 1198 770 1253 generis
792 1197 950 1238 sobolis
972 1211 1089 1250 spem
1109 1197 1290 1250 pignora
1310 1195 1462 1249 prolis:

362 1254 475 1295 Nam
495 1258 635 1295 totum
657 1253 706 1294 (le
726 1256 862 1294 matre
883 1253 1013 1305 uenit,
1037 1252 1086 1293 de
1107 1255 1241 1293 matre
1263 1254 1430 1292 creatur

364 1309 456 1358 Quo
477 1310 738 1351 membratur
758 1311 899 1362 homo,
915 1312 1036 1362 pater
1049 1310 1111 1349 est
1131 1309 1229 1349 fons
1253 1310 1401 1348 auctor
1421 1307 1558 1362 origo,

364 1365 445 1407 Sed
465 1366 574 1406 nihil
595 1368 657 1406 est
677 1367 766 1406 sine
786 1368 918 1405 matre
940 1367 1070 1417 pater.
1109 1367 1240 1417 quota
1259 1363 1399 1417 portio
1421 1363 1556 1416 patris

298 1430 339 1460 10
365 1421 512 1462 Omnis
534 1424 701 1462 constat
721 1421 871 1461 homo:
893 1423 1027 1460 mater
1046 1420 1095 1461 fit
1115 1422 1206 1460 tota
1226 1432 1430 1474 propago.

361 1478 478 1532 Ergo
500 1477 619 1518 nefas
640 1477 804 1518 Paridis
826 1476 940 1530 quod
960 1479 1105 1529 raptor
1125 1476 1258 1530 gessit
1279 1475 1443 1515 adulter

362 1533 423 1575 Ut
442 1534 629 1574 monitus
650 1546 821 1574 narrare
844 1546 1013 1586 queam,
1035 1535 1082 1573 tu
1103 1531 1275 1586 grandis
1296 1529 1480 1572 Homere

362 1589 512 1630 Mollia
532 1588 763 1630 blandifiuo
786 1588 991 1629 defundas
1013 1588 1143 1629 uerba
1164 1587 1321 1641 palato.

362 1645 561 1699 Quisquis
582 1646 626 1686 in
648 1645 790 1686 Aonio
813 1643 1028 1685 deseendit
1048 1644 1168 1685 fonte
1190 1647 1316 1697 poeta

299 1709 339 1739 15
366 1701 425 1742 Te
446 1715 603 1742 numen
626 1701 719 1741 uult
740 1714 829 1741 esse
851 1714 993 1752 suum,
1016 1713 1092 1740 nec
1115 1698 1206 1740 dieo
1230 1698 1441 1740 Camenae

362 1757 421 1798 Te
443 1760 665 1811 praesente
695 1756 854 1797 ‘ueni'.
896 1759 960 1796 sat
983 1755 1061 1796 erit
1082 1755 1186 1795 mihi
1209 1769 1355 1795 sensus
1376 1753 1554 1795 Homeri

364 1812 445 1861 Qui
466 1816 564 1867 post
583 1813 672 1853 fata
693 1812 822 1866 uiget,
846 1812 918 1865 qui
940 1811 1058 1852 duxit
1081 1811 1133 1851 ad
1155 1826 1270 1852 arma
1291 1810 1492 1864 Pelasgos

368 1920 526 1948 secuntur
561 1926 688 1947 uacuae
723 1915 870 1955 paqinae
902 1915 1063 1956 quinque,
1102 1915 1223 1945 deinde
1253 1917 1373 1954 raptus
1404 1913 1559 1944 Helenae

275 1971 312 2001 p.
340 1961 485 1993 37—64
508 1962 574 1993 allo
606 1970 646 1991 ae
677 1963 780 2001 magis
813 1960 907 1999 nimo
939 1964 1125 1990 atramento
1156 1958 1295 1990 chartae
1325 1959 1429 1990 minus
1459 1957 1558 1989 albae

278 2007 460 2046 inscriptus
484 2006 546 2037 sed
569 2007 684 2036 eadem
709 2009 742 2035 nt
768 2004 901 2035 uidetur
926 2015 1020 2034 mann
1114 2003 1241 2035 Literis
1267 2003 1287 2034 I
1296 2002 1335 2034 M
1358 2013 1416 2034 eas
1441 2003 1556 2033 nolani

278 2052 490 2082 coniecturas
519 2051 603 2081 scitu
635 2051 754 2090 dfiqnas
787 2059 869 2090 qnas
900 2048 1068 2079 adhibitas
1093 2049 1186 2079 uides
1211 2049 1242 2079 in
1268 2048 1414 2079 editione
1437 2051 1559 2088 raptus

280 2095 433 2126 Helenae
450 2094 599 2125 Romana
623 2105 733 2125 omnes
755 2094 830 2133 fere
851 2093 1093 2132 ImwelHanas,
1120 2094 1169 2124 eis
1193 2103 1273 2124 nero
1291 2102 1374 2134 quas
1399 2093 1431 2123 in
1456 2091 1559 2123 musei

277 2140 420 2171 rhenani
443 2141 604 2170 uolumine
630 2138 767 2170 XXVlI
793 2150 825 2179 p.
850 2139 914 2169 477
944 2138 1129 2169 Buecheler
1158 2139 1337 2179 proposuit
1360 2135 1557 2168 lectionibus

278 2186 396 2216 literas
420 2185 531 2216 adieci
553 2195 593 2217 m.
613 2185 662 2215 rle.
758 2185 820 2215 158
847 2193 939 2224 quae
964 2184 1141 2224 proposuit
1168 2181 1292 2213 Rueck.
1387 2183 1402 2212 1
1430 2180 1560 2212 luceae

324 2230 344 2261 8
371 2229 471 2269 Quod
575 2230 614 2260 12
647 2232 680 2260 te
713 2239 801 2260 corr.
831 2228 899 2259 Ill!
998 2230 1038 2259 13
1070 2227 1222 2259 delimas
1251 2227 1348 2259 cedet
1379 2224 1560 2257 defundas

279 2277 412 2307 inuento
439 2275 568 2306 meliori
