1635 2522
268 134 323 175 22
716 131 1094 166 EPITHALAMIUM

288 242 330 273 25
352 232 577 275 Sufficiant
595 233 674 274 tibi
694 234 797 273 uota
817 231 985 273 Uenus:
1005 230 1252 285 praecordia
1272 230 1376 272 dura

356 289 499 330 Mollis
520 288 634 330 adire
657 288 778 341 soles,
798 287 1042 329 nolentibus
1063 287 1124 327 ire
1145 301 1220 340 per
1240 289 1356 328 artus

355 344 413 385 Et
434 347 596 385 mentes
617 345 775 384 intrare
796 358 944 384 senum
965 356 1180 396 uenasque
1200 343 1341 384 leuare

355 400 533 454 Ignibus
556 403 597 441 et
617 399 777 454 gelidas
799 399 945 440 calidis
965 411 1160 452 reparare
1181 397 1362 451 fauillas,

357 455 417 497 Ut
437 458 662 496 ueteranus
684 459 798 496 amet
817 455 958 495 senior
979 468 1054 494 ceu
1074 467 1211 507 nuper
1231 431 1412 495 adultus.

158 527 197 561 lp·
216 525 258 558 23]
292 520 334 549 30
354 510 456 552 Non
477 525 555 565 ego
578 511 757 553 lasciuos
779 514 880 564 opto
901 509 1008 550 mihi
1029 523 1212 550 crescere
1234 523 1393 560 sensus,

357 566 440 608 Sed
460 581 611 620 precor
631 569 860 622 aspergant
885 568 1079 607 nostrum
1100 568 1173 606 tua
1194 565 1382 606 carmina
1401 567 1549 619 pectus

360 622 420 664 Ut
441 623 603 664 ualeam
626 626 795 664 cantare
816 626 912 663 tuos
932 637 1008 675 per
1028 623 1130 662 uota
1149 621 1390 675 triumphos

357 678 414 719 Et
434 679 577 719 mixtis
597 679 750 719 saltare
772 678 924 731 choris,
947 680 1116 718 cantare
1138 677 1324 718 chor.eas

358 734 535 775 Publica
554 735 779 790 magnifice
799 749 874 788 per
894 734 1063 775 moenia
1084 736 1186 774 uota
1206 747 1280 787 O'el
1283 736 1428 774 antur

294 798 336 828 35
359 788 470 838 Quas
493 790 607 831 dedit
628 805 713 831 una
735 790 894 843 domus,
917 789 1065 831 domus
1087 789 1243 843 excipit
1263 803 1349 830 una
1370 802 1549 842 sorores,

360 845 549 894 Quorum
572 846 755 887 umbone
776 823 899 900 tegoi·
919 845 987 886 uel
1009 859 1190 899 quorum
1212 859 1385 885 munere
1406 845 1521 885 uiuo.

358 902 463 942 Post
483 902 623 943 uarios
645 916 765 942 casus
785 905 880 955 post
900 903 965 942 tot
986 901 1230 942 discrimina
1251 900 1363 941 uitae

359 957 590 998 Perrexere
611 958 726 1011 piam
746 957 912 1012 placido
933 971 1011 1010 pro
1032 957 1220 1011 tegmine
1242 956 1433 997 dextram

359 1013 415 1053 Et
438 1013 551 1066 quod
571 1014 705 1054 maius
728 1017 828 1066 erat,
851 1013 953 1054 laesi
973 1012 1159 1053 tribuere
1181 1012 1362 1052 salutem

297 1076 340 1107 40
361 1068 678 1123 Fortunamque
699 1069 804 1110 mihi
826 1068 1022 1109 reducem
1042 1069 1199 1122 pietate
1221 1069 1448 1109 nouarunt.

362 1123 561 1179 Quisquis
583 1126 700 1166 adest
720 1125 888 1179 sapiens
910 1124 1186 1165 scholasticus
1208 1126 1335 1178 atque
1355 1123 1516 1178 peritus

362 1181 561 1222 Accurrit
587 1181 759 1222 laudare
787 1181 936 1222 uolens
958 1183 1126 1221 cantare
1148 1182 1339 1233 paratus·

364 1236 477 1284 Quin
499 1251 577 1292 ego
599 1237 797 1278 festinem
818 1237 963 1277 laudes
985 1239 1027 1277 et
1047 1236 1234 1276 carmina
1255 1235 1365 1276 ferre

362 1292 447 1334 Pro
469 1272 664 1334 111οζ11115
653 1293 888 1356 animisque
909 1291 1080 1333 uirum?
1117 1306 1222 1354 puer
1243 1291 1351 1332 alme
1374 1289 1555 1344 Cupido,

296 1356 338 1386 45
358 1348 492 1402 Ignea
512 1363 737 1404 1110000105
759 1351 801 1390 et
820 1363 960 1389 rerum
980 1361 1130 1401 perpes
1151 1347 1284 1402 origo,

362 1404 457 1445 Huc
479 1405 576 1444 ades
597 1408 783 1446 armatus
803 1404 944 1444 fluidis
965 1407 1063 1457 post
1082 1406 1204 1457 terga
1216 1382 1448 1465 pharetris,

362 1460 496 1501 Inbue
518 1460 706 1514 pinnatis
727 1475 877 1515 precor
899 1460 1041 1501 oscula
1065 1459 1219 1499 blanda
1240 1458 1419 1512 sagittis,

363 1515 576 1558 Morsibus
598 1517 772 1558 alternis
793 1519 839 1557 ut
861 1516 1051 1556 lambens
1073 1515 1219 1569 lingua
1240 1515 1429 1568 palatum

366 1572 523 1626 Tergat
547 1576 587 1614 et
608 1573 792 1614 udentur
812 1572 1026 1626 suspensis
1048 1571 1245 1612 dentibus
1268 1584 1354 1611 ora.
1380 1587 1382 1590 ’

297 1637 340 1667 50
361 1627 527 1681 Sponsa
548 1629 761 1670 maiitales
783 1630 1012 1683 cognoscat
1032 1630 1127 1668 utra
1148 1640 1327 1680 uapores

361 1684 419 1725 Et
442 1699 599 1739 sponso
621 1686 679 1726 sic
703 1685 853 1739 iungat
874 1698 993 1724 amor
1014 1684 1132 1737 quasi
1156 1696 1332 1736 corpore
1354 1682 1399 1722 in
1422 1695 1506 1722 uno

364 1740 548 1783 Brachia
568 1741 774 1796 uirgineis
795 1740 1021 1780 adnectens
1043 1739 1188 1779 stiicta
1209 1737 1388 1779 laceitis.

362 1796 451 1838 Has
474 1797 700 1839 matronali
722 1796 853 1837 societ
875 1795 924 1836 de
945 1809 1062 1836 inme
1085 1810 1103 1835 (
1109 1798 1198 1836 1101
1203 1808 1278 1835 uae

368 1852 594 1895 Blanditiis
616 1854 692 1894 sub
714 1852 754 1893 f1
756 1851 861 1893 aude
884 1851 1004 1892 dolor
1025 1851 1102 1891 sub
1123 1850 1299 1891 uulnere
1321 1852 1437 1891 casto

300 1916 342 1947 55
365 1907 673 1964 Seruatumquc
695 1908 765 1949 diu
786 1908 923 1961 rapiat
945 1907 1021 1948 hac
1043 1910 1167 1947 nocte
1188 1905 1393 1960 pudorem

363 1965 422 2006 Et
440 1980 604 2020 poenae
627 1966 681 2006 sit
703 1978 862 2005 merces
884 1978 1013 2016 ‘1111017
1035 1963 1105 2017 pia
1126 1963 1321 2017 pignora,
1343 1961 1447 2002 nati.

389 2137 431 2167 42
461 2141 540 2176 pose
571 2135 697 2167 uolens
727 2137 886 2175 scriplum
918 2138 968 2165 est
1006 2136 1041 2164 et
1073 2132 1233 2164 calmina
1271 2131 1364 2163 ferre
1400 2132 1463 2163 sed
1498 2141 1561 2163 ex-

283 2184 437 2222 punctum
530 2182 573 2213 43
605 2183 637 2212 in
669 2181 763 2211 inilw
794 2190 910 2210 uersus
939 2180 1100 2219 seriptum
1131 2181 1180 2208 est
1211 2177 1281 2208 Pro
1313 2176 1452 2207 meritis
1484 2175 1562 2208 ani-

285 2225 423 2267 misque
447 2224 588 2266 uirum}
623 2229 758 2266 quanto
785 2235 852 2265 ego
880 2224 1013 2255 festiue
1046 2233 1125 2254 συντ
1161 2221 1286 2254 I›'.11e(·l1
1379 2222 1421 2253 47
1447 2219 1561 2252 Indue

284 2280 373 2302 00⁷7
391 2269 517 2302 Baectz.
611 2266 774 2311 5011tra]
801 2251 908 2300 littere
940 2269 1071 2300 uidetur
1104 2276 1192 2309 pura
1226 2277 1268 2297 an
1297 2266 1426 2308 uirgo?
1519 2266 1561 2298 51

286 2315 416 2356 ningat
499 2317 540 2347 55
567 2316 713 2357 rapiant
739 2325 781 2345 ac
807 2325 896 2346 οων.
921 2313 1045 2347 huet-h.
