1635 2522
243 133 296 174 12
690 133 1065 166 CONTROUERSIA

327 232 469 274 Turba
489 233 767 286 superborum
788 232 946 272 sineret
966 232 1000 272 si
1020 231 1146 272 turba
1166 231 1388 283 clientum,

327 287 408 335 Qui
429 287 606 342 dignum
627 288 784 328 seruire
805 290 961 341 putans
981 287 1182 342 indignus
1202 286 1383 328 habetur

327 343 408 385 Uel
429 343 645 384 fastiditur
665 344 855 397 supplex.
893 342 1089 383 inimicus
1111 345 1153 383 et
1172 342 1307 384 hostis

326 399 485 440 Diuitis
506 399 700 453 arguitur
719 413 880 453 pauper
901 398 973 452 qui
994 400 1096 439 uota
1116 397 1281 439 clientis

260 463 303 494 60
324 456 466 495 Ausus
486 455 642 495 habere
662 468 790 495 miser
810 468 887 495 nec
909 454 1012 494 haec
1032 456 1176 494 tamen
1197 453 1286 506 ipse
1313 455 1522 506 meretur,
1541 455 1543 458 '

326 508 407 551 Sed
427 509 587 563 probus
602 509 810 551 horretur.
843 509 1037 550 domibus
1055 509 1192 563 magis
1207 508 1280 549 ille
1295 511 1520 562 potentum

325 565 453 606 Liber
472 565 631 606 amicus
653 565 733 606 erit
753 565 945 618 quisquis
966 565 1061 606 uult
1081 579 1169 606 esse
1191 564 1379 616 satelles,

326 619 419 668 Quo
446 623 668 674 praesente
696 620 815 662 nefas
845 621 1122 662 committitur
1150 623 1275 673 atque
1303 619 1463 672 siletur,

327 678 415 717 Aut
435 677 570 717 scelus
590 676 672 717 hoo
694 677 728 717 si
749 676 860 717 forte
882 679 1007 718 sonet
1025 679 1169 717 tamen
1190 676 1262 717 ille
1282 675 1459 730 negabit

261 741 302 771 65
325 731 486 785 Sponte
514 735 663 785 petens
690 734 905 773 tormenta
939 746 1082 773 cruces
1116 746 1192 786 per
1218 732 1407 772 membra
1441 745 1517 785 per

1178 790 1295 828 artus

327 842 554 884 Carnifices
576 843 765 884 flammas
787 843 959 897 proprio
982 844 1134 884 satiare
1156 857 1324 896 cruore,

327 898 519 940 Tortoris
539 898 710 939 laudare
732 913 926 951 manum,
947 913 1025 952 pro
1048 899 1177 940 diuite
1198 913 1356 953 poenas

327 953 371 995 Si
393 954 572 1007 patitur,
594 955 629 994 si
650 954 792 995 uincla
812 968 963 1009 gerens
985 955 1196 1009 ergastula
1221 954 1400 1008 perfert,

328 1009 380 1051 Se
402 1012 571 1063 reputet
592 1010 799 1051 cruciasse
821 1010 927 1051 alios
948 1013 995 1051 ut
1017 1011 1193 1051 crimina
1214 1011 1373 1063 celent,

261 1074 304 1104 το
334 1065 389 1108 Ut
407 1065 505 1106 talis
527 1065 644 1106 diues
667 1065 804 1120 qualis
824 1066 1042 1107 mendicus
1064 1067 1196 1107 amari

326 1121 468 1162 Possit
488 1124 530 1162 et
549 1121 699 1162 infelix
721 1121 773 1162 ad
795 1122 972 1162 crimina
993 1122 1186 1163 conscius
1208 1136 1310 1175 esse,

326 1176 388 1218 Ut
406 1179 583 1218 teneant
601 1177 745 1218 fauces
767 1178 956 1218 obsessas
978 1180 1102 1219 nocte
1123 1178 1329 1231 latrones,

325 1233 416 1273 Aut
435 1233 577 1288 pelagi
597 1233 766 1274 rabidos
787 1233 939 1274 fluctus
960 1234 1098 1287 pirata
1117 1236 1298 1288 uagetur

326 1287 417 1329 Nec
436 1289 587 1329 timeat
607 1289 769 1330 ualidas
791 1290 867 1330 sub
888 1292 1140 1343 tempestate
1161 1290 1368 1344 procellas

261 1351 302 1382 75
324 1343 508 1397 Praedo,
540 1345 659 1385 iuuet
678 1345 875 1399 pet-ulans
896 1348 942 1386 ut
963 1345 1200 1386 luxurietur
1220 1345 1386 1386 adulter

325 1399 383 1440 Et
402 1402 555 1440 tractet
576 1400 626 1440 de
647 1400 763 1441 clade
785 1401 866 1441 uiri
889 1400 938 1442 de
960 1404 1098 1442 morte
1118 1401 1281 1442 mariti:

328 1454 492 1496 'Ultima
512 1469 616 1496 cena
637 1455 760 1497 datur
781 1470 907 1510 quam
928 1459 1115 1510 praestat
1135 1456 1327 1498 adultera
1348 1457 1503 1499 coniux

325 1510 485 1551 Pocula
505 1511 726 1553 mortifero
750 1526 1023 1566 corrumpens
1043 1512 1199 1553 blanda
1219 1527 1400 1566 ueneno,

326 1566 434 1607 Cum
456 1567 613 1621 gaudet
633 1568 835 1621 conuiua,
858 1569 980 1622 perit.
1023 1583 1117 1622 spes
1141 1569 1319 1610 crimina
1339 1569 1456 1610 ducit

258 1630 301 1662 80
322 1622 393 1663 Fit
412 1622 578 1663 facinus
601 1638 694 1664 cum
717 1624 834 1665 lucra
853 1626 1026 1678 petunt,
1052 1625 1225 1678 impune
1246 1625 1379 1666 libido

114 1689 156 1720 [p.
176 1686 221 1716 13]
327 1677 442 1719 Dum
462 1693 638 1732 peccare
660 1680 776 1733 cupit
797 1679 952 1720 uindex
973 1680 1222 1721 subducitur
1242 1682 1394 1731 omme,

327 1732 462 1781 Quem
482 1735 654 1788 perimit
675 1735 752 1776 sub
774 1734 921 1776 fraude
942 1750 1049 1776 reus.
1092 1736 1328 1790 cuicunque
1349 1737 1484 1778 furori

324 1789 403 1830 Est
423 1804 576 1843 operae
596 1792 802 1845 pretium,
825 1795 998 1845 sperant
1017 1807 1093 1832 sua
1114 1793 1301 1846 praemia
1321 1793 1481 1846 culpae.

327 1844 546 1887 Conieitur
567 1847 803 1901 cuicunque
826 1848 938 1888 bono
961 1847 1075 1901 quod
1097 1847 1265 1889 Cassius
1286 1849 1427 1902 inquit

331 1949 373 1980 50
400 1947 538 1990 Turba]
573 1953 677 1981 tanta
702 1951 850 1982 conicias
875 1952 927 1982 uel
962 1954 1066 1982 torua
1098 1953 1151 1982 uel
1179 1952 1282 1983 simile
1308 1952 1388 1993 quid
1478 1953 1520 1984 57

242 1992 337 2033 Quid
357 1994 504 2034 dignum
522 2005 612 2028 corr.
628 1994 753 2027 Bueele.
819 1995 860 2027 58
876 1995 1072 2028 fastidiens
1086 2006 1177 2028 corr.
1194 1996 1320 2030 Bneclz.
1385 1997 1428 2028 00
1452 2006 1520 2028 nec

241 2042 363 2069 tamen
395 2049 484 2072 corr.
502 2039 625 2071 Bneelz.
720 2042 759 2071 61
795 2041 869 2072 Nec
896 2043 1017 2072 tamen
1049 2041 1128 2082 ipse
1156 2044 1309 2072 meretur
1333 2046 1410 2072 ante
1434 2041 1521 2072 leuno

241 2092 370 2114 uersam
390 2085 536 2150 repetita
556 2085 650 2116 uides
670 2089 845 2127 notamque
866 2087 1081 2126 corruptelae
1099 2087 1290 2126 praefixam
1372 2086 1415 2117 63
1440 2095 1519 2127 pre-

243 2164 347 2193 sente
369 2161 374 2199 Ι
403 2162 543 2212 neplnas
659 2164 701 2194 64
730 2164 881 2204 negauit
907 2174 997 2197 corr.
1023 2163 1147 2195 Bueelz.
1262 2164 1305 2195 63
1331 2163 1520 2206 ergastula.

241 2220 364 2258 portet
389 2228 478 2250 corr.
500 2218 623 2249 Bam-71.
709 2219 751 2250 69
777 2218 872 2251 celet
897 2230 986 2251 corr.
1013 2220 1137 2252 Buech.
1222 2221 1264 2251 to
1287 2222 1430 2260 spatium
1456 2230 1521 2252 non

240 2263 388 2293 relictum
470 2265 509 2295 71
539 2263 667 2295 Posset
689 2262 694 2304 Ι
716 2274 796 2295 csso
882 2266 924 2296 72
950 2265 1100 2297 obsessa
1186 2267 1227 2297 75
1252 2264 1394 2296 Praeda
1418 2265 1522 2296 uiuet

241 2307 281 2339 77
310 2317 399 2349 cena
491 2309 534 2339 80
558 2308 612 2340 Ad
637 2319 727 2340 corr.
752 2308 878 2340 Bueclz.
973 2311 1015 2342 83
1041 2319 1192 2351 sperans
1217 2319 1306 2341 corr.
1334 2309 1462 2344 Buech.

1628 1404 1635 1423 -ε
1624 1202 1635 1391 <affl-ania..

1626 1867 1635 1973 ψι-
1626 1841 1635 1862 a-
1627 1777 1635 1835 ...-
1623 1644 1635 1771 Qum
1630 1614 1635 1631 „-
