1635 2522
57 1575 62 1580 .
126 1553 166 1585 [p.
186 1553 231 1582 88]

249 107 303 148 70
803 107 974 140 MEDEA

335 205 370 247 F
373 220 530 247 unerea
550 206 628 247 sub
648 207 774 247 nocte
796 206 931 259 canit,
953 206 1012 247 510
1033 206 1159 247 anxia
1177 206 1321 248 nutrix

249 269 315 300 310
332 261 518 316 Ingemit
538 263 580 302 et
599 261 801 302 tremulas
823 261 1022 302 diffundit
1046 264 1206 303 maesta
1226 262 1446 316 querellas.

335 316 525 358 Nuntius
547 317 710 358 interea
729 319 890 358 maesto
912 317 1031 358 uolat
1051 331 1123 358 ore
1144 317 1311 359 sat-elles

334 373 404 413 Ad
424 386 568 427 regem
589 373 814 414 subuectus
835 387 964 426 equo,
985 375 1213 435 natamque
1233 375 1416 427 tyranno

334 428 502 469 Iudicat
523 428 673 482 ignoto
695 428 852 482 passim
872 428 1066 482 nupsisse
1087 429 1254 470 marito.

332 483 522 537 Expauit
542 483 725 537 genitor.
766 484 825 524 sic
846 483 1060 547 quondam
1079 485 1213 526 tristis
1233 485 1410 539 Agenor

249 548 312 579 315
332 538 531 581 Concidit
549 539 747 593 Europae
768 540 910 581 senior
929 539 1147 581 fraudatus
1168 554 1311 582 amore

334 594 442 636 Cum
461 595 645 636 nesciret
665 595 801 636 adhuc
821 609 1025 650 generum
1046 597 1247 637 meruisse
1269 595 1521 638 Tonantem.

333 651 415 693 Ira
446 652 561 692 dolor
590 665 749 692 numen
770 651 905 705 pietas
926 652 1084 693 iniuria
1104 666 1284 707 regnum

335 705 587 750 Concutiunt
616 707 905 762 franguntque
934 708 1094 762 uirum,
1123 708 1243 749 iubet
1262 722 1380 748 arma
1399 707 1524 749 mini-

1188 764 1300 815 stris,

334 818 531 872 Coniuyii
551 833 651 859 nam
671 818 785 859 fama
806 818 954 859 ducem
974 819 1197 873 rapiebat
1187 834 1231 860 1n
1253 833 1385 860 00505.

249 883 315 913 320
333 874 439 915 Cum
455 888 615 927 poenas
631 877 873 928 mortesque
889 877 1023 928 parat,
1042 875 1299 916 uenitIndus
1312 874 1365 915 ad
1382 874 1526 916 aulam

331 930 459 971 Liber
480 932 522 970 et
542 930 714 985 egregia
734 931 982 1006 compressit
1002 945 1105 972 uoce
1126 930 1359 972 furentem:

334 984 425 1027 eSic
446 985 544 1038 tibi,
566 989 729 1027 rector'
752 986 844 1027 ait‘
856 989 1042 1027 mentem
1061 986 1283 1040 possedit
1271 986 1412 1027 manis

332 1040 551 1096 Relligio‘?
583 1042 642 1082 sic
663 1042 820 1096 pignus
841 1056 956 1083 amas
977 1044 1025 1083 ut
1044 1043 1130 1083 tela
1149 1042 1384 1096 parentur?

333 1096 444 1145 Quid
464 1097 604 1138 furis?
636 1101 832 1151 exspecta
853 1097 994 1139 dulces
1016 1097 1066 1138 de
1087 1098 1206 1152 prole
1227 1100 1417 1152 nepotes.

250 1161 314 1191 325
335 1152 610 1207 Uirginitatis
632 1168 739 1195 onus
760 1153 912 1195 melior
931 1154 1113 1195 tolerare
1122 1154 1328 1195 *sacerdos

331 1207 432 1250 Non
453 1209 614 1262 potuit,
637 1209 836 1250 feruescit
855 1224 1022 1250 amans:
1055 1213 1097 1250 et
1117 1213 1234 1251 casta
1254 1209 1394 1250 Diana

332 1264 554 1305 Pastorem
577 1265 771 1306 confessa
791 1265 944 1306 uirum.
957 1270 967 1285 ’
1010 1266 1114 1306 haec
1135 1265 1262 1306 Liber
1283 1265 1434 1306 aiebat.

335 1319 611 1361 Mulcentur'
599 1335 683 1361 iam
706 1321 832 1362 corda
853 1321 970 1362 ducis
991 1324 1218 1375 natamque
1238 1324 1446 1375 tyrannus

331 1376 494 1431 Purgat
514 1378 556 1417 01
577 1377 789 1440 extemplo
811 1376 984 1417 Medeae
1005 1377 1150 1418 laudat
1170 1391 1372 1418 amorem.

249 1440 289 1468 :··‚:-·,
308 1446 313 1463 1
331 1430 401 1473 810
421 1432 578 1473 meruit
597 1433 767 1473 ueniam
792 1446 996 1487 generum
1018 1433 1236 1473 confessus
1258 1432 1467 1486 Achilles,

332 1486 400 1529 810
420 1490 542 1541 pater
561 1488 731 1542 ignouit
750 1488 812 1542 L}
792 1466 1007 1529 t:comedes
1028 1491 1197 1542 pectore
1218 1491 1362 1541 natae,

334 1543 392 1584 Et
412 1543 624 1598 Pyrrhum
646 1545 830 1598 suscepit
850 1559 954 1585 auus
975 1545 1222 1607 gremioque
1243 1548 1444 1598 nepotem

334 1599 368 1640 F
372 1600 463 1640 ouit
484 1603 526 1641 et
548 1600 600 1640 ad
621 1600 792 1641 Troiam
812 1604 909 1654 post
930 1600 1108 1641 crimina
1127 1600 1243 1641 misit
1265 1599 1456 1641 Achillis.

335 1654 395 1696 Ut
416 1654 575 1709 Scytha
595 1656 785 1697 mollitus
806 1655 961 1696 blanda
985 1656 1142 1709 pietate
1163 1656 1366 1708 mitescit,

251 1719 315 1750 335
334 1710 436 1752 Mox
457 1712 574 1753 iubet
595 1715 642 1752 ut
662 1725 867 1766 generum
889 1712 956 1752 uel
977 1712 1134 1766 pignus
1155 1712 1266 1766 regis
1288 1711 1340 1752 ad
1361 1711 1500 1752 aulam

334 1766 541 1821 Deposito
563 1769 724 1808 terrore
745 1770 912 1809 uocent.
953 1770 1055 1808 11100
1077 1767 1193 1822 regia
1214 1768 1332 1808 lauro

338 1881 403 1912 317
427 1891 500 1923 sqq,
527 1882 639 1912 eodem
666 1882 868 1913 undenorum
886 1882 978 1912 eirea
1004 1883 1174 1913 literar-mn
1201 1882 1378 1913 interuallo
1397 1891 1418 1912 a
1439 1891 1528 1913 mar-

245 1927 323 1967 gine
354 1928 507 1957 reuocati
534 1930 619 1957 sunt.
666 1928 833 1967 suppleuit
860 1926 983 1958 Buech.
1079 1928 1143 1958 317
1174 1937 1216 1957 an
1241 1926 1367 1966 regni?
1460 1927 1525 1958 319

248 1969 437 2011 rapiebant
466 1970 631 2012 rapiebat
656 1982 676 2012 γ
770 1972 835 2002 324
867 1971 938 2011 Qui
969 1981 1059 2003 corr.
1086 1971 1214 2004 Bacch.
1307 1972 1371 2002 227
1401 1973 1527 2002 tolera-

248 2014 312 2046 bile
339 2015 492 2053 fortasse
525 2015 661 2057 agebat
689 2014 847 2055 (Bacch.)
941 2017 1006 2048 328
1037 2020 1115 2048 ante
1145 2019 1341 2057 natamque
1373 2017 1527 2057 leguntur

248 2062 339 2090 nant
369 2061 432 2091 sed
462 2064 643 2100 eaepuncla.
698 2063 919 2100 nautamque
949 2060 1080 2092 scribas
1111 2064 1245 2102 oportet
1276 2061 1341 2091 nisi
1369 2069 1527 2092 amorem

247 2104 440 2146 significare
471 2107 628 2136 amatum
657 2115 766 2136 sumas
869 2106 931 2137 331
966 2105 1124 2136 innotuit
1152 2104 1362 2137 Licomedes
1460 2106 1526 2138 333

247 2148 401 2181 Achillis
436 2151 650 2190 corruptelae
679 2151 775 2191 siyno
812 2154 958 2181 notatum
995 2156 1045 2182 est
1159 2151 1224 2183 334
1254 2150 1339 2190 sort.
1371 2150 1527 2192 tepescit

248 2192 375 2226 Bueclz.
485 2195 550 2226 336
575 2198 701 2236 rogent
727 2193 1075 2227 corr.B11ec11.0nte
1100 2194 1201 2226 lauro
1225 2196 1351 2237 signum
1375 2196 1525 2227 omissio-

249 2248 300 2322 vs
317 2239 531 2324 οοηῖρίάτιις
548 2250 612 2280 quo
636 2240 824 2271 adiunctum
844 2244 892 2271 est
918 2241 1008 2282 quod
1030 2241 1062 2271 in
1086 2241 1234 2281 maryine
1252 2240 1373 2282 legitur
1392 2239 1525 2272 electio

283 2287 336 2314 ort
376 2293 393 2315 e
412 2285 510 2315 ectro

1625 710 1635 887 ...ρῳ-..-
1618 332 1635 702 .μ-..ΑιΔ-»ᾡμιὲι-...ιΛ-,ι
1624 320 1629 326 ι
1624 295 1629 313 ,Α
1623 277 1629 287 .
1623 264 1629 269 1
1622 223 1629 257 m-
1622 210 1627 217 -
1620 176 1627 192 μ.
