1635 2522
219 91 281 133 ’60
782 92 951 125 MEDEA

110 313 153 345 [P-
175 313 219 345 77]

615 303 664 344 Χ.
714 303 932 357 Draconcij
964 302 1117 346 Medea.

312 403 415 444 Fert
434 404 601 445 animus
621 404 796 459 uulgare
816 405 937 446 nefas
959 408 1000 446 et
1020 405 1201 459 uirginis
1222 407 1335 446 atrae

314 458 518 513 Captiuos
537 462 775 501 monstrare
797 460 917 514 deos,
939 460 1148 502 elementa
1167 461 1355 514 clientes,

312 514 520 556 Naturam
542 515 700 556 seruire
721 530 816 557 reae
837 516 994 557 seruire
1014 516 1194 570 puellae,

313 571 443 611 Astra
462 571 552 624 poli
574 574 616 612 et
635 571 798 613 Phoebi
819 586 965 613 cursus
986 575 1028 613 et
1048 573 1185 613 sidera
1204 571 1309 613 caeli

273 634 293 664 5
315 626 506 667 Arbitrio
528 627 717 668 mulieris
738 627 820 682 agi,
841 627 1027 681 perferre
1049 628 1288 669 Tonantem

315 681 437 730 Quod
457 682 602 724 iubeat
622 682 771 724 Medea
790 683 928 736 nefas,
950 684 1024 724 ubi
1045 683 1211 724 mittere
1232 683 1422 724 flammas

313 737 499 792 Imperet
519 738 749 779 aethereas.
790 742 985 792 penetrat
1004 754 1089 780 uox
1109 739 1183 780 illa
1203 753 1279 793 per
1299 753 1422 779 auras

316 793 423 835 Cum
444 793 553 834 uitas
574 797 816 847 mortesque
837 794 959 847 facit,
982 809 1077 835 cum
1098 796 1185 835 fata
1205 797 1424 847 retorquet

315 849 385 889 Ad
405 862 550 890 cursus
571 863 858 903 quoscumque
879 850 995 891 uelit.
1024 850 1124 891 licet
1144 850 1312 904 hospite
1333 863 1454 892 caeso

252 912 295 942 10
316 903 484 946 Seruiat
504 907 546 945 et
565 903 786 958 Scythicae
807 909 949 947 currat
968 920 1044 960 per
1063 906 1222 960 templa
1242 905 1418 958 Dianae,

313 959 509 1001 Possidet
529 961 783 1016 astrigerum
803 961 974 1002 funesto
995 965 1166 1016 pectore
1187 961 1348 1003 eaelum

313 1015 371 1056 Et
390 1029 566 1069 superos
586 1016 760 1070 impune
781 1017 937 1071 premit
956 1032 1078 1071 prece
1098 1019 1199 1058 nixa
1219 1017 1369 1072 uirago

313 1071 478 1112 Inuitos
499 1086 646 1125 parere
668 1073 761 1113 sibi.
804 1087 910 1127 quae
933 1074 1120 1114 carmina
1139 1073 1299 1128 linguis

315 1126 553 1168 Murmuret
575 1131 648 1168 aut
667 1143 794 1169 urens
816 1129 974 1183 species
997 1143 1104 1183 quae
1124 1130 1300 1170 nomina
1321 1128 1444 1182 (licat,

250 1189 291 1220 15
312 1182 428 1224 Haec
444 1186 585 1224 uatem
600 1185 762 1225 nescire
780 1184 909 1237 decet,
927 1199 1033 1239 quae
1049 1199 1173 1226 nosse
1189 1184 1415 1239 profanum
1432 1187 1506 1238 est,

315 1237 431 1287 Quae
453 1238 582 1281 fuerit
602 1240 798 1296 uulgasse
818 1240 953 1282 nefas.
993 1255 1071 1282 nos
1093 1241 1167 1281 illa
1188 1254 1387 1281 canemus

314 1293 430 1342 Quae
451 1295 560 1336 solet
578 1296 624 1336 in
644 1296 785 1349 lepido
807 1296 1093 1350 Polyhymnia
1114 1296 1239 1337 docta
1254 1296 1422 1337 theatro

313 1350 435 1391 Muta
454 1350 594 1404 loqui,
617 1365 712 1392 cum
732 1355 863 1392 nauta
884 1352 1021 1405 uenit,
1045 1366 1139 1393 cum
1161 1354 1308 1406 captus
1328 1354 1493 1392 amator

312 1405 431 1446 Inter
451 1406 594 1447 uincla
614 1407 723 1448 iacet
743 1421 842 1448 mox
862 1411 1116 1462 regnaturus
1136 1407 1276 1461 Iason,

249 1469 292 1499 20
314 1461 396 1502 Uel
417 1476 524 1515 quae
546 1463 705 1517 grande
726 1463 860 1504 boans
880 1464 1022 1518 longis
1044 1463 1209 1505 sublata
1230 1463 1450 1504 cothurnis

315 1517 480 1558 Pallida
500 1517 768 1572 Melpomene
789 1520 961 1574 tragicis
983 1534 1079 1561 cum
1100 1520 1236 1575 surgit
1257 1519 1421 1571 iambis,

315 1572 494 1621 Quando
517 1577 782 1616 cruentatam
802 1575 904 1617 fecit
926 1576 974 1616 (le
996 1579 1130 1617 matre
1151 1589 1379 1616 nouercam

315 1628 476 1670 Mixtus
497 1644 639 1671 amore
660 1630 781 1672 furor
801 1630 947 1673 dotata
966 1632 1127 1685 paelice
1147 1631 1340 1683 flammis,

316 1683 527 1739 Squamea
547 1686 708 1740 uiperei
731 1687 957 1728 subdentes
979 1687 1088 1728 colla
1109 1687 1313 1728 dracones

250 1748 292 1779 ‘25
315 1739 422 1782 Cum
442 1756 621 1795 rapuere
642 1742 748 1783 rotis
768 1746 866 1796 post
885 1743 1035 1784 funera
1056 1746 1175 1784 tanta
1195 1745 1431 1784 nocentem.

316 1795 375 1837 Te
396 1797 536 1851 modo,
558 1796 763 1852 Calliope,
786 1802 968 1852 poscunt
989 1802 1223 1853 optantque
1245 1812 1411 1839 sorores

316 1851 495 1894 Dulcior
514 1856 562 1894 ut
582 1854 750 1907 uenias,
772 1869 886 1896 nunc
907 1858 948 1896 te
971 1855 1090 1896 decet
1110 1855 1170 1896 ire
1192 1856 1397 1909 rogatam,

323 1956 424 1994 Quam
455 1959 579 1996 passim
609 1958 781 1998 adscripsi
803 1959 943 1989 alterius
967 1959 1173 1998 exemplaris
1202 1959 1374 1989 lectionem
1399 1956 1515 1988 notaui

231 2000 331 2031 litera
349 2011 370 2042 γ
433 2002 452 2032 3
470 2010 556 2032 reae
575 2011 663 2035 corr.
682 2012 728 2034 ecc
746 2001 836 2033 deae
857 2001 878 2033 d
895 2004 994 2033 litera
1019 2007 1188 2042 expuncta
1207 2011 1292 2034 reae
1310 2011 1331 2043 γ
1385 2002 1404 2032 5
1424 2009 1510 2042 pen-

232 2043 318 2076 ‹lere
343 2055 433 2076 corr.
461 2044 586 2077 Bueelz.
669 2047 710 2077 10
736 2046 880 2087 Scytiee
961 2048 1001 2079 13
1024 2047 1107 2086 fort.
1133 2047 1257 2087 lingua
1336 2046 1377 2077 14
1403 2053 1512 2077 urens

232 2092 446 2130 corruptelae
469 2091 564 2131 siquo
591 2095 745 2122 notatum.
773 2092 817 2131 cf.
835 2092 975 2133 species
993 2093 1025 2123 1⁴⁷1
1043 2093 1151 2123 indice
1230 2091 1270 2122 16
1297 2089 1401 2131 Quod
1419 2099 1510 2121 corr.

233 2133 359 2165 Bueelz.
433 2136 473 2166 17
501 2134 689 2175 Polymnia
787 2136 825 2167 18
851 2136 966 2168 Multa
992 2135 1223 2168 cor-1·.Buech.
1318 2136 1358 2167 19
1385 2135 1512 2166 iacens

277 2179 320 2210 20
345 2178 438 2219 quod
464 2189 556 2211 corr.
572 2179 697 2212 Buech.
725 2179 730 2221 Ι
759 2182 921 2214 coturnis
1004 2183 1046 2214 23
1072 2181 1190 2223 pelice
1282 2181 1325 2211 ‘24
1350 2177 1512 2220 uipereis

231 2232 322 2257 corr.
342 2222 467 2255 Buech.
561 2225 604 2256 26
630 2224 732 2257 medo
759 2225 862 2258 modo
880 2237 900 2268 γ
978 2227 1019 2258 27
1046 2229 1149 2258 nocte
1174 2235 1264 2258 corr.
1282 2224 1408 2257 Buech.
1429 2222 1434 2264 Ι
1456 2232 1510 2255 ro-

232 2270 355 2309 gatum
381 2278 470 2301 corr.
499 2269 622 2301 Bacch.
647 2270 692 2310 cf.
719 2270 769 2302 VI
794 2272 836 2301 24

1620 427 1628 527 l

1626 544 1629 561 ς
1634 547 1635 555 η

1625 1141 1635 1434 3

1623 1457 1635 1728 Ξ

1606 2281 1635 2522 l
