1635 2522
403 110 493 143 VIII
515 111 693 144 618-655
732 109 783 143 IX
812 111 919 142 1-22
990 147 993 150 ,
1245 109 1298 151 51

107 210 275 264 Martis,
297 212 340 251 et
359 209 499 251 ornati
520 209 673 250 misero
694 208 940 250 flammastis
962 222 1105 249 amore

23 275 90 308 660
111 266 334 309 Ostensam
354 265 431 306 sub
452 267 576 306 nocte
596 264 732 306 facem
755 278 839 318 qua
858 263 986 305 Troia
1007 265 1228 317 cremetur,

106 321 198 371 Qua
213 320 403 376 Phryges
419 320 640 362 incurrant
657 319 821 361 obitum
837 319 927 360 sine
944 319 1119 360 crimine
1135 320 1296 361 mortis.

106 377 323 433 Sanguine
344 376 529 418 Troiano
551 376 719 417 dabitur
739 375 827 428 dos,
849 375 965 416 clade
988 374 1213 430 Pelasgum

104 431 276 474 Ditetur
296 431 460 474 Ledaea
480 431 610 488 fugax
629 446 705 486 per
726 434 863 473 castra
883 444 1087 486 propago,

107 488 321 531 Orbentur
341 488 492 542 superi,
515 488 676 529 caelum
697 489 841 542 gemat
861 489 903 528 et
924 501 1036 528 mare
1059 486 1252 541 plangat:

21 553 87 586 655
108 544 279 587 Crimen
300 544 495 586 adulterii
515 543 612 584 talis
634 543 822 585 uindicta
845 545 1057 597 sequatur.

20 734 90 779 lx.
129 734 422 777 Deliberatiua
440 733 624 776 Achillis
650 745 704 775 an
729 744 879 787 corpus
899 733 1094 775 Hectoris
1114 733 1283 776 uendat.
1311 747 1353 777 [p.
1371 743 1418 775 05]

102 828 150 879 Si
171 836 296 878 decus
317 839 380 878 est
400 836 536 877 uirtus
557 840 599 877 et
618 836 806 890 praemia
827 838 979 876 cuncta
999 838 1198 889 meretur,

103 891 150 939 Si
168 892 368 934 meritum
388 894 487 945 post
506 891 595 932 fata
615 894 771 944 manet,
794 891 829 932 si
849 891 963 932 fama
984 894 1195 945 superstes

103 948 278 990 Eminet
297 950 340 989 et
359 947 519 1002 gaudet
537 947 674 988 titulis
695 961 847 988 ornare
869 947 1106 1001 sepulchra,

52 1018 60 1028 ·
107 1006 261 1046 Annue
282 1004 395 1058 quod
413 1003 608 1057 petimus,
649 1002 773 1044 fortis
793 1017 870 1057 pro
892 1002 1002 1044 forte
1024 1003 1208 1057 rogaris:

64 1069 84 1099 5
104 1060 312 1115 Egregias
332 1062 495 1100 mentes
517 1059 651 1100 uirtus
672 1058 853 1100 delectat
873 1059 918 1099 in
938 1058 1074 1111 hoste,

103 1115 272 1157 Inuidia
292 1129 412 1156 mens
433 1129 597 1156 summa
619 1117 745 1168 caret,
765 1114 940 1155 laudare
961 1113 1113 1155 decora

102 1171 242 1213 Nouit
261 1173 304 1212 et
324 1171 521 1225 ingentes
542 1170 736 1212 attollere
757 1171 911 1225 gestiet
931 1172 1063 1211 actus.

103 1227 190 1269 Dat
211 1227 346 1268 uirtus
367 1226 558 1280 exempla
578 1226 702 1267 bonis
722 1226 952 1280 prauisque
973 1225 1179 1279 pudorem

104 1283 313 1324 Debilitas
340 1296 446 1336 quos
467 1282 576 1323 lassa
598 1282 763 1335 premit.
804 1285 851 1323 tu
873 1281 996 1323 fortis
1016 1281 1207 1322 Achilles

40 1347 82 1378 10
109 1338 220 1387 Quid
239 1339 441 1392 prohibes
462 1337 663 1390 tumulos,
686 1338 879 1391 quamuis
900 1338 1064 1378 iactura
1087 1337 1268 1391 sepulcri

105 1395 328 1436 Temnitur
349 1398 391 1435 et
410 1393 520 1434 nihil
541 1396 605 1434 est
626 1393 805 1447 quoduis
833 1394 879 1434 in
902 1395 1038 1434 morte
1060 1393 1266 1447 periclum
1276 1396 1298 1434 ⁶?

105 1450 149 1493 Si
171 1464 318 1492 sensus
338 1452 438 1503 post
456 1449 545 1490 fata
565 1449 695 1503 perit,
718 1463 792 1490 cur
812 1449 936 1490 busta
956 1448 1198 1503 negantur?

104 1505 149 1548 Si
170 1519 289 1547 mens
309 1505 397 1546 ulla
416 1507 573 1558 manet,
595 1505 679 1546 iam
700 1505 856 1546 rectius
877 1518 977 1559 ergo
999 1507 1174 1559 putatur

102 1561 203 1604 Non
219 1562 386 1615 requies
403 1560 475 1602 sed
495 1575 634 1615 poena
648 1574 798 1616 rogus:
824 1564 1038 1602 tormenta
1057 1560 1298 1614 sepulcrum

40 1626 80 1656 15
104 1617 269 1672 Ingerit
296 1619 339 1658 et
358 1631 505 1658 manes
525 1616 711 1658 tolerant
730 1631 806 1671 per
825 1617 1015 1658 membra
1035 1615 1238 1658 dolorem.

103 1673 185 1716 Sed
205 1687 375 1714 sensum
396 1687 491 1714 cum
512 1672 605 1713 luce
626 1672 751 1714 simul
772 1676 870 1727 post
890 1673 979 1713 fata
1000 1672 1137 1725 perire

103 1728 314 1784 Segnibus
335 1732 376 1769 et
395 1728 538 1782 pueris
558 1728 763 1770 mentitur
783 1728 896 1769 fama.
916 1727 1102 1769 relatrix.

103 1784 213 1827 Sunt
232 1785 396 1826 animae
416 1787 514 1838 post
533 1785 721 1825 membra
740 1785 854 1838 piae:
883 1799 989 1839 quas
1010 1784 1140 1839 ignea
1159 1785 1296 1826 uirtus

102 1840 235 1882 Tollit
255 1840 308 1881 ad
328 1843 440 1882 astra
458 1840 620 1881 micans
642 1842 685 1881 et
705 1841 805 1882 solis
826 1841 872 1882 in
893 1841 994 1882 orbe
1015 1839 1209 1882 recondit

36 1904 80 1936 20
104 1896 293 1938 Lunares
313 1910 403 1937 non
423 1910 548 1950 passa
569 1896 732 1950 globos.
774 1910 822 1937 ac
843 1896 1022 1950 desuper
1043 1896 1188 1937 orbem

101 1951 366 2006 Exspectant
387 1951 614 2005 stellasque
636 1965 768 2006 uagas
790 1955 832 1993 et
853 1952 976 2007 signa
997 1952 1133 1993 leonis

105 2009 301 2063 Augusto
320 2007 421 2061 quid
438 2021 581 2048 mense
601 2010 766 2061 parent,
783 2007 885 2062 quid
901 2011 1040 2049 cetera
1060 2010 1271 2062 temptent

108 2111 174 2142 650
209 2109 371 2143 Ostensa
407 2109 566 2142 Obtenta
597 2109 668 2141 JM
779 2112 798 2141 2
829 2113 912 2152 post
948 2121 1057 2152 patna
1094 2113 1218 2142 manet
1254 2111 1299 2150 εἴ.

18 2154 127 2188 orest.
152 2156 219 2188 470
302 2156 322 2186 ἴ)
346 2160 424 2195 post
449 2153 571 2186 hostes
595 2165 720 2187 rasura
806 2156 846 2187 10
871 2154 1055 2196 sepulchri
1142 2156 1182 2186 12
1210 2155 1269 2186 cui

17 2202 60 2233 13
85 2203 122 2231 et
146 2200 218 2231 iam
244 2202 370 2241 pectus
395 2209 484 2231 corr.
500 2199 623 2231 Buech.
647 2200 652 2238 Ι
673 2199 769 2231 uerbi
791 2203 941 2242 putatur
961 2211 983 2241 p
1004 2202 1104 2232 litera
1129 2204 1300 2241 expuncta

14 2245 150 2277 uidetur
237 2246 276 2276 14
303 2243 536 2285 sepulchrum
615 2246 653 2276 17
680 2244 851 2286 signibus
943 2247 985 2276 21
1011 2245 1226 2287 Exspectat.
1252 2245 1299 2284 cf.

15 2290 50 2323 d.
75 2290 139 2322 deo
164 2289 182 2321 I
206 2290 271 2323 356
341 2290 382 2321 22
409 2292 558 2322 caetera

981 2345 1030 2377 4*
