1635 2522
668 140 699 170 v
722 141 877 172 56-117
1360 140 1410 181 13

161 248 208 280 85
229 238 418 282 Crimina
437 240 693 292 temnentur,
715 237 922 292 fortisque
943 238 988 279 in
1008 252 1193 292 paupere
1215 238 1332 280 diues

220 294 331 344 Quid
351 294 475 336 timet
494 297 568 335 aut
588 296 708 348 optet
729 308 806 335 uos
827 294 969 335 saltim
989 293 1196 335 aduertite
1217 295 1351 336 ciues:

217 350 302 392 Res
323 353 387 392 est
405 349 526 391 nulla
545 349 659 391 domi
680 349 824 404 cupiat
843 363 971 403 quam
992 349 1109 391 diues
1130 364 1302 402 auarus,

216 405 319 448 Non
338 420 489 447 aurum
508 420 597 447 non
617 419 786 461 gemma
806 406 987 458 micans,
1010 409 1052 447 et
1071 406 1206 460 turpis
1227 411 1391 461 egestas

219 461 397 504 Obsedit
416 461 558 503 ieiuna
579 461 703 502 fores.
745 460 919 502 audacia
941 461 1085 503 forsan

152 526 197 557 90
217 517 421 572 Pauperis
441 517 640 558 horretur
659 531 713 558 ne
735 517 840 559 clam
862 518 1109 558 temerarius
1131 520 1277 559 exstet..

218 572 396 622 Quando
417 573 548 627 fugax
567 575 865 627 praesumptus
886 573 967 614 erit
987 573 1054 614 uel
1072 573 1221 614 debilis
1243 573 1410 615 audax?

219 628 331 671 Nam
352 629 387 670 si
408 628 532 669 fort-is
553 631 644 669 erat
664 642 789 669 saeua
809 629 967 670 uirtute
989 631 1207 683 superbus,

217 684 424 735 Praemia,
445 698 535 725 non
555 684 725 725 ueniam
746 687 909 738 peteret
928 685 1006 725 sub
1027 684 1150 726 hoste
1171 699 1352 727 reorum.

219 739 340 788 Quod
360 739 470 781 nihil
491 740 663 781 admisit
683 740 843 781 crimen
864 739 935 781 dat
955 755 1088 794 praua
1108 741 1307 782 uoluntas

151 804 195 835 95
216 795 376 837 Diuitis
396 795 569 837 insonti.
610 795 731 837 furor
751 798 814 837 est-
833 795 1019 837 uoluisse
1040 810 1191 838 necare

216 851 302 893 Pro
319 851 472 906 quibus
493 866 610 892 arma
625 851 735 892 tulit.
769 851 869 905 quid
890 853 1062 906 prodest
1076 852 1232 906 pellere
1252 853 1411 894 bellum

217 907 262 950 Si
282 911 455 949 reuocat
475 910 572 962 post
595 907 704 948 bella
723 907 876 949 neces‘?
907 911 981 949 aut
1001 912 1124 962 pacta
1143 908 1329 950 nefanda

217 963 424 1004 Hostibus
446 964 672 1004 obstrictus
693 967 835 1005 seruat
855 964 927 1018 qui
949 964 1112 1005 ciuibus
1132 965 1265 1005 instat

220 1018 280 1061 Ut
299 1022 488 1073 pereant,
510 1022 583 1060 aut
604 1019 694 1073 ipse
716 1020 833 1073 cupit
853 1020 988 1075 magis
1011 1034 1099 1061 esse
1119 1023 1326 1074 tyrannus

135 1083 200 1114 100
221 1074 396 1117 Ciuibus
417 1075 614 1116 extinctis
635 1075 809 1116 credens
831 1090 908 1117 sua
927 1081 1029 1117 uota
1049 1075 1193 1119 latere.

217 1129 262 1172 Si
283 1131 449 1186 iugulet
468 1131 643 1172 miseros
664 1131 821 1172 iniusta
841 1134 977 1173 morte
998 1132 1188 1173 necando

217 1185 445 1241 Suspectos
467 1201 743 1241 quoscunque
764 1190 907 1241 putat,
929 1187 1038 1228 nihil
1060 1201 1162 1243 ergo
1180 1188 1411 1242 relinquet:

217 1241 373 1284 Omnia
393 1248 491 1284 sunt
513 1248 717 1297 suspecta.
760 1257 853 1285 reos
874 1244 909 1284 si
929 1243 1117 1285 moribus
1139 1248 1250 1286 esset

216 1298 294 1340 Ille
314 1299 472 1351 bonus,
494 1313 662 1340 seruare
683 1299 776 1353 pios
797 1313 965 1341 seruare
986 1300 1199 1341 modestos

135 1363 198 1394 105
218 1353 434 1396 Debuerat
454 1355 531 1396 sub
551 1369 654 1409 pace
675 1369 770 1408 sua,
791 1370 880 1397 non
901 1355 1011 1397 colla
1033 1356 1243 1397 nefandus

217 1411 307 1451 Aut
325 1410 596 1452 inimicorum
616 1411 762 1452 mallet
781 1411 939 1452 fudisse
960 1425 1172 1465 cruorem,

219 1465 409 1514 Quorum
430 1467 560 1508 uerba
580 1481 741 1521 pauens
763 1467 880 1508 diues
901 1467 1076 1509 uixisset
1097 1467 1288 1509 honeste.

220 1521 290 1564 Sic
310 1523 478 1576 sapiens
499 1522 601 1563 olim
619 1521 814 1564 Romana
832 1523 1026 1577 potentia
1046 1524 1168 1565 iussit

217 1577 284 1619 Ne
305 1581 450 1632 pereat
472 1578 686 1634 Carthago
706 1593 866 1620 nocens
888 1579 1061 1621 inimica
1082 1582 1253 1621 senatus

137 1642 202 1674 110
220 1633 278 1675 Et
297 1634 446 1688 populi
467 1635 728 1688 Aeneadum,
751 1638 888 1676 cotem
909 1635 1080 1676 uirtutis
1102 1635 1352 1677 habendam.

217 1688 300 1732 Sed
319 1704 374 1731 ne
395 1689 650 1745 Troiugenis
671 1705 746 1744 per
765 1693 959 1745 tempora
979 1692 1103 1746 pigra
1123 1691 1290 1733 lacertis

216 1745 452 1800 Torporem
471 1761 554 1800 pax
575 1746 706 1801 longa
726 1746 863 1800 daret,
894 1751 991 1801 post
1012 1748 1125 1788 uicta
1144 1748 1313 1789 rebellis

216 1801 275 1843 Et
294 1805 546 1856 consumpta
566 1802 694 1843 simul
715 1803 843 1844 iacuit
864 1807 1065 1856 congesta
1086 1804 1231 1844 ruinis.

216 1857 275 1911 Et
292 1860 438 1899 tamen
452 1858 555 1900 haec
571 1862 778 1900 renouata
794 1859 921 1900 micat
932 1859 1085 1913 quibus
1103 1859 1255 1901 occidit
1272 1863 1411 1901 armis.

134 1921 198 1953 115
219 1912 337 1955 Haec
357 1914 489 1968 igitur
509 1914 694 1955 recidiua
715 1915 833 1969 uiget
853 1918 952 1969 post
973 1915 1097 1956 busta
1116 1929 1341 1970 resurgens

217 1969 446 2011 Phoenicis
467 1970 512 2010 in
532 1984 706 2011 morem.
744 1971 878 2011 uirtus
901 1971 1125 2012 clementia
1145 1975 1325 2025 patrum.

217 2024 282 2066 Tu
302 2025 422 2066 testis
444 2025 659 2080 Carthago
681 2041 825 2067 manes
847 2027 983 2067 inuita
1005 2027 1249 2081 nolensque.

222 2184 266 2215 86
291 2183 422 2216 saltria
515 2185 558 2216 89
586 2184 733 2216 audatia
825 2187 868 2216 94
894 2185 989 2224 Quid
1039 2196 1148 2227 parua
1174 2197 1263 2218 cor-r.
1283 2186 1410 2220 Buecle.

133 2229 178 2261 9⁷
204 2227 306 2260 Scire
332 2233 443 2260 uocat
538 2231 600 2261 100
627 2230 777 2261 extimis
873 2232 931 2261 101
961 2230 1145 2262 necandos
1169 2241 1259 2263 corr.
1284 2231 1410 2263 Bueck.

136 2273 202 2305 103
226 2282 309 2305 reos
332 2271 370 2305 ιῐὶ
394 2274 569 2305 mortibus
594 2285 684 2306 corr.
713 2274 840 2305 Bacch.
946 2277 1008 2307 104
1041 2275 1153 2308 bonos
1178 2287 1268 2309 corr.
1285 2276 1411 2308 Buech.

135 2317 200 2350 107
225 2317 402 2350 honestae
497 2320 560 2351 109
587 2319 662 2350 Nec
683 2317 687 2361 l
710 2318 893 2361 Chartago

1431 1645 1471 1675 H>-
1490 1645 1534 1676 14]
