1635 2522
615 83 667 116 IX
691 84 847 117 78——134

1318 85 1344 125 0·

1346 85 1372 125 υι

57 216 68 232 ,
100 190 163 224 105
183 182 286 224 Plus
305 184 404 236 post
422 181 511 223 fata
533 184 669 225 nocet.
701 184 812 223 certe
833 181 1094 223 medicabilis
1118 182 1189 223 ille

180 237 240 279 Te
261 236 423 279 Chiron
444 237 588 279 docuit
606 239 745 291 pestes
765 251 914 278 sanare
936 237 1148 279 iacentum

180 293 287 335 Cum
309 293 487 334 chordas
508 296 700 347 quateret
718 291 892 346 plectro,
915 307 1010 334 cum
1030 293 1140 334 bella
1160 300 1353 335 moneret

178 347 238 390 Et
258 347 462 390 citharam
482 351 579 402 post
599 348 689 390 lora
710 348 839 402 daret,
862 363 956 389 cum
978 349 1132 390 mentis
1152 349 1356 391 honestae

180 403 286 446 Post
306 403 615 446 Centaurorum
635 406 776 458 raptas
797 404 847 445 de
868 404 1042 445 flumine
1062 404 1239 458 praedas

98 468 162 499 110
181 459 402 515 Ingenitos
423 461 587 501 animos
604 459 756 514 puerili
778 460 822 500 in
843 459 967 501 corde
988 459 1167 501 leuaret:

179 514 280 557 Non
302 515 446 557 docuit
466 516 566 569 quia
585 519 770 556 maestus
793 515 897 556 odor
918 515 1019 570 quia
1046 518 1170 569 putre
1192 516 1372 557 cadauer

177 572 292 612 Aera
311 571 506 612 tellurem
526 573 678 612 uentos
699 571 946 625 animasque
967 571 1175 625 grauabit,
1384 586 1423 617 [p.
1444 583 1488 614 τυ]

177 625 282 667 111ᾶο
302 626 497 667 homines
513 626 707 667 uolucres
728 626 908 680 pecudes
927 630 969 667 et
984 629 1136 668 cuncta
1151 630 1371 680 necantur,

178 680 370 736 Corpora
389 682 586 723 uiuorum
607 683 744 736 rapiet
763 681 994 736 mundique
1016 683 1194 724 salutem
1206 683 1227 723 ‘?

96 744 159 776 115
180 735 298 778 Mors
318 737 514 792 neglecta
534 741 672 789 nocet,
693 752 782 779 non
802 740 903 778 sunt
923 738 1174 779 commercia
1194 739 1320 792 uitae,

177 791 376 834 Manibus
399 796 441 834 et
460 793 623 847 superis
644 793 789 834 diuisit
809 793 944 834 limite
965 793 1146 835 mundos

177 848 384 902 Imposito
405 852 559 890 natura
579 863 744 903 parens,
766 863 854 890 non
876 849 1075 904 congruit
1095 849 1240 891 aether

116 908 120 912 '
176 903 414 945 Funeribus
433 919 511 945 nec
532 905 661 945 funus
683 909 797 945 amat
816 905 894 946 sub
915 905 1002 946 sole
1025 905 1173 959 iacere,

176 958 340 1001 Inferni
361 963 521 1001 secreta
543 960 609 1001 dei
631 961 707 1001 sub
727 963 853 1002 nocte
874 963 1090 1014 petuntur.

95 1023 160 1054 120
179 1014 281 1057 Non
300 1016 379 1057 tibi
399 1030 475 1070 per
495 1030 667 1058 somnos
689 1015 824 1057 aderit
844 1017 1030 1057 censoris
1051 1017 1193 1071 imago

175 1072 343 1113 Aeacus
363 1072 408 1112 in
429 1072 588 1113 medias
610 1072 785 1113 ueniens
807 1072 859 1113 ad
881 1075 1017 1113 castra
1036 1072 1233 1113 tenebras

179 1125 296 1168 Uoce
317 1142 530 1181 manuque
551 1127 716 1181 furens,
739 1131 781 1169 et
801 1130 842 1169 te
864 1127 1054 1182 culpabit
1075 1142 1215 1168 amare

178 1183 318 1237 Asper
337 1186 380 1224 et
399 1183 690 1237 increpitans?
726 1186 768 1224 et
787 1184 899 1224 iusta
919 1197 1023 1225 uoce
1043 1184 1230 1225 notabit:

178 1237 331 1292 ‘Tene,
354 1238 477 1280 deum
499 1239 680 1293 soboles,
702 1239 809 1280 caeli
830 1239 1054 1294 pelagique
1076 1242 1288 1293 nepotem,

96 1301 159 1333 125
180 1295 323 1348 Atque
343 1294 472 1336 Erebi
492 1308 598 1350 gens
619 1295 732 1336 clara
751 1296 847 1349 mei,
868 1298 911 1336 te
932 1295 1056 1337 fortis
1079 1295 1267 1336 Achilles

177 1349 264 1391 Ista
285 1350 466 1392 decent?
495 1351 648 1392 tumuli
670 1351 800 1392 eaesis
822 1354 864 1392 et
883 1351 1006 1392 busta
1026 1351 1267 1406 negentur?

176 1405 219 1447 N
222 1420 267 1447 ec
289 1406 407 1447 dabis
429 1407 589 1448 occisos
610 1407 785 1448 iuuenes
807 1407 1050 1448 Acheronta
1069 1410 1229 1460 natare,

175 1460 406 1504 Prostratis
428 1462 527 1504 dum
549 1463 673 1504 busta
693 1477 824 1518 negas
845 1477 1074 1517 manesque
1095 1463 1298 1516 sepulcris

177 1517 394 1559 Abdicas‘?
423 1533 490 1560 me
513 1519 603 1561 uita
622 1519 693 1574 pia
712 1519 929 1574 promouit
949 1519 1001 1560 ad
1023 1533 1186 1572 urnam,

95 1581 161 1613 130
179 1572 368 1615 Humani
390 1575 558 1630 generis
579 1575 724 1617 laudes
746 1578 788 1616 et
808 1575 986 1616 crimina
1007 1589 1219 1629 quaeram.

175 1628 217 1670 N
221 1643 266 1671 ec
287 1633 430 1672 tamen
451 1631 551 1672 hinc
572 1645 743 1672 securus
765 1631 845 1672 eris
863 1631 962 1685 quia
982 1634 1128 1672 noster
1148 1630 1200 1672 ad
1221 1643 1372 1671 urnam

176 1685 393 1728 Aduenjes
415 1687 670 1741 quandoque
691 1701 846 1741 nepos:
868 1688 1088 1742 ignoscere
1109 1700 1255 1728 manes

174 1741 383 1797 Ignorant
402 1757 651 1798 mecumque
672 1742 814 1784 Minos
835 1743 903 1784 uel
925 1742 1132 1784 Gnossius
1153 1742 1241 1783 illic

175 1797 383 1839 Iudicium
404 1797 756 1840 Rhadamanthus
773 1799 902 1840 habet
923 1813 1146 1840 commune
1167 1797 1370 1841 barathri.

183 1901 246 1932 105
278 1904 378 1932 oerte
409 1903 624 1941 corruptelae
651 1905 746 1941 ⁸1¹,an
772 1905 918 1933 notatum
939 1900 944 1940 Ι
966 1900 1214 1932 1110(11031>11βί8
1310 1900 1371 1932 207

92 1944 221 1976 cordas
248 1947 253 1983 Ι
279 1949 467 1977 manerent
491 1956 580 1978 corr.
609 1945 734 1977 Bacch.
832 1947 894 1978 108
921 1945 1108 1985 cytharam
1137 1945 1142 1983 Ι
1171 1944 1326 1987 homiste
1349 1944 1374 1976 h

89 1990 124 2020 in
147 1999 271 2021 rasura
365 1992 427 2022 110
453 1991 627 2032 Ingentos
652 2001 741 2022 corr.
761 1989 886 2022 Bueclae.
910 1991 915 2029 1
937 1989 1110 2021 leuabant
1134 1999 1224 2022 corr.
1243 1988 1374 2021 Buech.

138 2035 201 2066 113
225 2036 338 2066 melius
363 2033 456 2066 unde
552 2037 615 2067 114
641 2035 779 2076 rapiter
803 2036 857 2066 cui
886 2036 1102 2075 corruptelae
1128 2038 1209 2066 nota
1233 2035 1374 2075 appicla

89 2083 141 2111 est
235 2080 299 2112 115
330 2080 456 2111 uincta
486 2090 579 2112 corr.
607 2078 731 2111 Bnecle.
763 2077 809 2119 ef.
835 2080 867 2111 d.
896 2081 958 2111 deo
991 2080 1005 2110 1
1031 2080 1094 2111 591
1192 2079 1254 2109 116
1280 2079 1373 2110 Mor-

90 2124 189 2155 tibus
219 2134 310 2156 corr.
339 2124 462 2156 Rueck.
535 2126 595 2156 121
624 2125 746 2156 Eaeus
819 2125 881 2155 124
912 2123 992 2165 Τξο
1065 2124 1128 2155 126
1161 2123 1275 2165 cessis
1308 2122 1373 2155 sed

91 2169 156 2201 128
174 2175 342 2211 momenq3
368 2179 459 2203 corr.
477 2169 601 2201 Bueclz.
625 2171 630 2210 1
652 2166 855 2210 sepulchris
939 2170 1003 2200 129
1020 2169 1150 2200 merita
1168 2169 1263 2209 piam
1282 2178 1371 2201 corr.

88 2212 217 2246 Bueclz.
310 2216 374 2248 130
395 2214 546 2254 fortasse
571 2224 707 2256 quaero
733 2213 858 2245 Bnech.
948 2214 1010 2246 132
1036 2222 1238 2254 ngnoscere
1308 2213 1372 2245 133

91 2257 270 2290 Gnoseius
366 2260 427 2291 134
452 2259 617 2290 Indicum
641 2258 918 2290 Rhadamantus
944 2258 951 2298 Ι
977 2258 1118 2290 baratri
