1635 2522
0 148 6 159 Δ
469 119 537 153 VII
562 121 739 153 154—159
764 121 850 152 vlu
879 122 986 153 1——48
1315 121 1369 163 31

0 230 4 239 '
175 218 384 274 Pergama
400 217 691 260 Dardanidum
713 217 868 259 uindex
889 218 933 259 in
954 218 1067 260 bella
1089 218 1320 263 lacessens:

0 246 17 291 ι·
173 273 233 315 Et
252 274 325 328 qui
345 273 552 315 Troianos
575 274 733 315 inuasit
752 277 879 316 nocte
899 277 1026 328 poeta

0 316 19 360 ἶ
108 337 153 368 20
174 330 374 371 Armatos
395 330 495 371 dum
515 329 667 371 clausit
687 344 809 384 equo,
831 330 904 384 qui
925 330 1094 371 moenia
1115 329 1268 373 Troiae

173 384 362 426 Perculit
381 388 423 426 et
442 385 658 427 Priamum
679 385 844 439 Pyrrho
866 385 1044 426 feriente
1065 387 1255 428 necauit:

173 439 362 482 Numina
379 444 520 483 uestra
535 455 690 482 uocans
701 441 905 495 quidquid
920 442 1177 495 contempsit
1190 445 1367 498 uterque

174 495 365 538 Scribere
386 496 508 538 Musa
540 511 660 550 enes,
681 497 762 538 hoc
782 497 880 538 uilis
903 497 1058 551 colligo
1080 500 1211 540 uates.

173 551 390 606 Reliquias
411 567 511 606 prae
544 567 592 593 ae
613 552 761 607 uulpes
783 567 951 607 sperare
971 552 1146 594 leonum

106 615 150 647 25
179 607 334 649 Laudis
354 608 526 661 habent,
549 609 752 649 meruisse
773 609 889 650 cibos
905 623 1012 662 quos
1029 613 1152 662 pasta
1173 615 1370 653 recusant

173 662 348 704 Uiscera
369 678 474 718 quos
496 663 634 704 rabies
655 665 740 705 iam
760 678 850 705 non
870 665 1013 705 ieiuna
1034 665 1210 719 remisit,

170 718 381 761 Exultant
400 719 681 774 praedamque
703 722 856 773 putant
875 720 989 760 nuda
1010 734 1105 761 ossa
1125 720 1323 764 ferentes.

169 775 317 816 Attica
337 789 422 817 uox
441 778 503 828 te,
527 779 691 829 sancte,
713 775 845 829 fouet,
866 778 908 817 te
928 775 1076 830 lingua
1098 775 1254 818 Latina

171 829 469 873 Commendat:
499 831 672 886 uulgate
692 846 843 885 precor
863 845 970 886 quae
991 845 1116 872 causa
1137 837 1363 877 nocentem

105 893 149 925 30
169 885 290 928 Fecit
309 887 618 939 Alexandrum,
641 890 767 942 raptu
788 890 835 929 ut
856 887 1059 942 spoliaret
1079 889 1292 942 Amyclas.

171 941 429 984 Caelicolum
449 946 595 997 pastor
615 944 700 984 iam
722 943 888 985 sederat
908 943 1066 984 arbiter
1085 943 1172 996 Ida,
1379 954 1418 988 11²-
1438 955 1481 989 381

169 997 260 1039 Iam
280 999 487 1053 gremium
510 1013 693 1053 caespes,
715 1000 799 1040 iam
820 1013 998 1054 surgens
1019 999 1195 1041 herbida
1215 1001 1341 1043 tellus

170 1052 319 1096 Stabat
339 1058 381 1096 et
400 1055 636 1097 aetherium
656 1055 828 1096 fuerant
847 1055 1029 1096 herbosa
1050 1056 1251 1097 tribunal.

170 1108 368 1152 Soluerat
386 1111 541 1152 Iliacus
563 1111 667 1152 caeli
688 1111 936 1153 uadimonia
956 1114 1102 1164 pastor

102 1171 145 1203 35
169 1165 228 1206 Et
246 1166 365 1207 litem
386 1167 491 1208 facit
511 1167 600 1221 ipse
623 1181 766 1220 suam,
796 1167 968 1208 laudata
988 1166 1146 1208 recedit

169 1220 424 1276 Contempta
443 1223 607 1264 Iunone
630 1222 797 1276 Uenus,
819 1227 920 1264 tunc
943 1223 1065 1277 uirgo
1088 1222 1240 1264 decora

169 1276 294 1319 Uicta
315 1277 448 1332 dolet,
470 1293 570 1320 nam
591 1279 725 1320 tristis
747 1279 854 1320 abit:
877 1279 958 1320 heu
979 1279 1120 1320 nescia
1141 1293 1260 1320 mens
1282 1283 1346 1322 est

168 1331 286 1382 Quae
306 1334 418 1375 mala
434 1335 709 1376 circumstent
734 1349 884 1376 ausum
903 1335 1001 1376 dare
1024 1335 1115 1375 iura
1132 1334 1364 1378 Mineruae.

165 1388 322 1431 Iudicis
343 1389 457 1431 Idaei
481 1392 617 1443 pretio
640 1391 852 1432 sententia
873 1392 1009 1432 fertur

100 1450 145 1482 40
167 1444 489 1500 Damnaturque
512 1446 643 1488 Paris.
685 1461 760 1488 nec
783 1447 899 1488 solus
920 1450 1065 1501 pastor
1085 1445 1267 1488 habetur

166 1500 233 1542 Ex
254 1501 333 1543 hac
356 1502 564 1543 lite-reus:
586 1503 844 1544 damnantur
864 1506 1000 1544 morte
1023 1506 1234 1555 parentes,

164 1555 436 1599 Damnantur
456 1559 608 1600 fratres
631 1562 672 1600 et
693 1559 884 1613 quisquis
907 1559 952 1599 in
975 1558 1076 1599 urbe
1098 1559 1364 1614 propinquus

165 1614 256 1654 Aut
275 1618 483 1669 cognatus
505 1619 613 1667 erat,
636 1618 810 1656 cunctos
831 1629 944 1656 mors
966 1614 1153 1668 explicat
1173 1629 1268 1656 una.

167 1669 378 1724 Troiaque
399 1674 446 1712 ut
464 1670 613 1711 infelix
634 1671 734 1712 urbs
756 1674 922 1712 tantum
944 1673 1079 1712 morte
1101 1670 1273 1724 periret,

97 1731 141 1762 45
168 1723 440 1767 Damnantur
461 1729 623 1781 gentes,
646 1727 872 1767 damnatur
895 1726 1073 1767 Graecia
1096 1726 1244 1767 sollers

162 1779 259 1822 Heu
280 1782 447 1837 magnis
468 1782 683 1824 uiduancla
704 1783 827 1836 uiris,
850 1783 1025 1824 orbatur
1046 1784 1090 1823 et
1106 1781 1194 1823 Eos

163 1835 392 1880 Memnone
412 1838 640 1894 belligero,
663 1838 890 1880 damnatur
909 1837 1139 1879 Thessalus
1160 1838 1286 1880 heros

162 1891 221 1934 Et
239 1892 469 1935 Telamone
491 1898 621 1947 satus,
642 1897 824 1949 pereunt
845 1894 927 1936 duo
950 1894 1134 1935 fulmina
1155 1893 1268 1947 belli,

167 2031 211 2062 20
234 2030 382 2061 Armato
407 2041 497 2062 corr.
523 2029 649 2064 Rueck.
675 2042 714 2062 m.
741 2031 781 2061 rlz
880 2032 923 2063 23
949 2029 1092 2072 collego
1185 2032 1230 2062 30
1254 2034 1362 2072 raptu

76 2074 237 2117 spoliare
330 2076 371 2106 31
406 2079 552 2116 praetor
581 2086 670 2107 corr.
696 2074 822 2109 Buech.
849 2075 854 2116 Ι
880 2075 977 2106 Idem
1003 2086 1094 2107 corr.
1121 2074 1360 2107 Buechxldae

75 2119 150 2152 JM
223 2121 267 2153 34
293 2119 428 2151 Iliacas
453 2119 626 2152 corr.IM
712 2120 754 2152 36
779 2116 928 2162 decora]
952 2120 1037 2160 for-t.
1055 2125 1249 2160 corruptum
1317 2121 1360 2152 37

77 2163 170 2205 abijt
261 2165 304 2196 42
329 2165 364 2196 in
389 2168 502 2197 morte
594 2166 638 2196 43
663 2164 830 2206 implicat
855 2164 928 2196 JM
1016 2166 1059 2195 ⁴4
1085 2166 1147 2206 Aq3
1173 2164 1257 2196 Troi
1281 2175 1361 2206 sup-

75 2211 180 2251 pleuit
205 2209 330 2243 Buech.
350 2208 476 2248 (Troia
501 2211 534 2240 in
559 2211 708 2251 margine
732 2209 928 2250 ascriptum)
953 2211 1096 2250 spatium
1122 2219 1187 2241 non
1211 2211 1361 2241 relictum

0 2282 5 2302 ἱ
79 2254 83 2293 ξ
111 2253 264 2286 infoelix
298 2253 301 2293 Ι
334 2257 441 2285 tanta
466 2254 595 2288 Buech.
618 2255 798 2295 proposui!
830 2255 834 2294 1
866 2254 1003 2296 perriet
1038 2264 1128 2288 corr.
1156 2253 1225 2285 IM
1316 2255 1361 2286 46

7 2310 9 2314 ⁴
77 2309 176 2332 eous.
205 2303 240 2330 et
273 2309 334 2331 eos
366 2299 434 2330 IJI
