<?xml version="1.0" encoding="UTF-8"?>
<!DOCTYPE html PUBLIC "-//W3C//DTD XHTML 1.0 Transitional//EN"
    "http://www.w3.org/TR/xhtml1/DTD/xhtml1-transitional.dtd">
<html xmlns="http://www.w3.org/1999/xhtml" xml:lang="en" lang="en">
 <head>
  <title>
</title>
<meta http-equiv="Content-Type" content="text/html;charset=utf-8" />
  <meta name='ocr-system' content='tesseract 3.04.00' />
  <meta name='ocr-capabilities' content='ocr_page ocr_carea ocr_par ocr_line ocrx_word'/>
</head>
<body>
  <div class='ocr_page' id='page_1' title='image "./carminaminoraplu00dracuoft_0033.png"; bbox 0 0 1635 2522; ppageno 0'>
   <div class='ocr_carea' id='block_1_1' title="bbox 508 123 1383 164">
    <p class='ocr_par' dir='ltr' id='par_1_1' title="bbox 508 123 1383 164">
     <span class='ocr_line' id='line_1_1' title="bbox 508 123 1383 164; baseline -0.008 -4"><span class='ocrx_word' id='word_1_1' title='bbox 508 127 539 159; x_wconf 89' lang='lat' dir='ltr'><strong>v</strong></span> <span class='ocrx_word' id='word_1_2' title='bbox 568 126 746 159; x_wconf 81' lang='lat'>301-3-29</span> <span class='ocrx_word' id='word_1_3' title='bbox 787 125 835 158; x_wconf 87' lang='lat' dir='ltr'>VI</span> <span class='ocrx_word' id='word_1_4' title='bbox 868 126 976 156; x_wconf 72' lang='lat'>1—24</span> <span class='ocrx_word' id='word_1_5' title='bbox 1330 123 1383 164; x_wconf 85' lang='lat'>21</span> 
     </span>
    </p>
   </div>
   <div class='ocr_carea' id='block_1_2' title="bbox 222 223 1366 514">
    <p class='ocr_par' dir='ltr' id='par_1_2' title="bbox 222 223 1366 514">
     <span class='ocr_line' id='line_1_2' title="bbox 222 223 1366 282; baseline -0.004 -12"><span class='ocrx_word' id='word_1_6' title='bbox 222 227 327 282; x_wconf 86' lang='lat' dir='ltr'>Exp.</span> <span class='ocrx_word' id='word_1_7' title='bbox 355 225 653 269; x_wconf 78' lang='lat' dir='ltr'>controuersia</span> <span class='ocrx_word' id='word_1_8' title='bbox 671 225 840 266; x_wconf 78' lang='lat' dir='ltr'>statuae</span> <span class='ocrx_word' id='word_1_9' title='bbox 859 224 946 266; x_wconf 91' lang='lat' dir='ltr'>uiri</span> <span class='ocrx_word' id='word_1_10' title='bbox 964 223 1090 266; x_wconf 87' lang='lat' dir='ltr'>fortis</span> <span class='ocrx_word' id='word_1_11' title='bbox 1111 234 1233 277; x_wconf 87' lang='lat' dir='ltr'>quam</span> <span class='ocrx_word' id='word_1_12' title='bbox 1253 223 1366 266; x_wconf 84' lang='lat' dir='ltr'>dixit</span> 
     </span>
     <span class='ocr_line' id='line_1_3' title="bbox 322 282 1249 338; baseline -0.004 -11"><span class='ocrx_word' id='word_1_13' title='bbox 322 285 368 327; x_wconf 91' lang='lat' dir='ltr'>in</span> <span class='ocrx_word' id='word_1_14' title='bbox 387 283 648 338; x_wconf 83' lang='lat' dir='ltr'>Gargilianis</span> <span class='ocrx_word' id='word_1_15' title='bbox 666 283 844 325; x_wconf 78' lang='lat' dir='ltr'><strong>thermis</strong></span> <span class='ocrx_word' id='word_1_16' title='bbox 862 283 1052 324; x_wconf 92' lang='lat' dir='ltr'>Blossius</span> <span class='ocrx_word' id='word_1_17' title='bbox 1071 282 1249 324; x_wconf 82' lang='lat' dir='ltr'>Emilius</span> 
     </span>
     <span class='ocr_line' id='line_1_4' title="bbox 346 341 1226 396; baseline -0.003 -11"><span class='ocrx_word' id='word_1_18' title='bbox 346 343 601 396; x_wconf 79' lang='lat' dir='ltr'>Dracontius</span> <span class='ocrx_word' id='word_1_19' title='bbox 620 342 690 384; x_wconf 86' lang='lat' dir='ltr'>vir</span> <span class='ocrx_word' id='word_1_20' title='bbox 710 341 969 384; x_wconf 85' lang='lat' dir='ltr'>clarissimus</span> <span class='ocrx_word' id='word_1_21' title='bbox 989 342 1032 383; x_wconf 84' lang='lat' dir='ltr'>et</span> <span class='ocrx_word' id='word_1_22' title='bbox 1049 342 1226 394; x_wconf 86' lang='lat' dir='ltr'>togatus</span> 
     </span>
     <span class='ocr_line' id='line_1_5' title="bbox 376 399 1195 455; baseline -0.004 -11"><span class='ocrx_word' id='word_1_23' title='bbox 376 401 460 444; x_wconf 79' lang='lat' dir='ltr'>fori</span> <span class='ocrx_word' id='word_1_24' title='bbox 478 400 742 455; x_wconf 79' lang='lat' dir='ltr'><strong>proconsulis</strong></span> <span class='ocrx_word' id='word_1_25' title='bbox 762 399 894 442; x_wconf 85' lang='lat' dir='ltr'>almae</span> <span class='ocrx_word' id='word_1_26' title='bbox 915 399 1195 453; x_wconf 80' lang='lat' dir='ltr'>Karthaginis</span> 
     </span>
     <span class='ocr_line' id='line_1_6' title="bbox 425 458 1144 514; baseline -0.004 -11"><span class='ocrx_word' id='word_1_27' title='bbox 425 459 537 514; x_wconf 81' lang='lat' dir='ltr'>apud</span> <span class='ocrx_word' id='word_1_28' title='bbox 555 458 843 514; x_wconf 82' lang='lat' dir='ltr'><strong>proconsulem</strong></span> <span class='ocrx_word' id='word_1_29' title='bbox 861 458 1144 512; x_wconf 85' lang='lat' dir='ltr'>Pacidegium.</span> 
     </span>
    </p>
   </div>
   <div class='ocr_carea' id='block_1_3' title="bbox 512 617 1502 672">
    <p class='ocr_par' dir='ltr' id='par_1_3' title="bbox 512 617 1502 672">
     <span class='ocr_line' id='line_1_7' title="bbox 512 617 1502 672; baseline -0.005 -12"><span class='ocrx_word' id='word_1_30' title='bbox 512 617 584 660; x_wconf 90' lang='lat' dir='ltr'>VI.</span> <span class='ocrx_word' id='word_1_31' title='bbox 633 617 975 672; x_wconf 84' lang='lat' dir='ltr'>Epithalamium.</span> <span class='ocrx_word' id='word_1_32' title='bbox 1402 629 1440 663; x_wconf 77' lang='lat' dir='ltr'>[p.</span> <span class='ocrx_word' id='word_1_33' title='bbox 1451 627 1502 667; x_wconf 30' lang='lat'><strong>¹22]</strong></span> 
     </span>
    </p>
   </div>
   <div class='ocr_carea' id='block_1_4' title="bbox 21 697 1390 2037">
    <p class='ocr_par' dir='ltr' id='par_1_4' title="bbox 189 697 1234 860">
     <span class='ocr_line' id='line_1_8' title="bbox 189 697 1217 755; baseline -0.005 -14"><span class='ocrx_word' id='word_1_34' title='bbox 189 698 367 755; x_wconf 86' lang='lat' dir='ltr'>Egregii</span> <span class='ocrx_word' id='word_1_35' title='bbox 387 698 562 739; x_wconf 89' lang='lat' dir='ltr'>iuuenes</span> <span class='ocrx_word' id='word_1_36' title='bbox 584 701 620 740; x_wconf 73' lang='lat' dir='ltr'>et</span> <span class='ocrx_word' id='word_1_37' title='bbox 639 697 776 753; x_wconf 88' lang='lat' dir='ltr'>gloria</span> <span class='ocrx_word' id='word_1_38' title='bbox 795 711 960 738; x_wconf 89' lang='lat' dir='ltr'>summa</span> <span class='ocrx_word' id='word_1_39' title='bbox 980 698 1217 750; x_wconf 88' lang='lat' dir='ltr'>parentum,</span> 
     </span>
     <span class='ocr_line' id='line_1_9' title="bbox 190 752 1234 808; baseline -0.004 -12"><span class='ocrx_word' id='word_1_40' title='bbox 190 755 357 797; x_wconf 85' lang='lat' dir='ltr'><strong>Foedus</strong></span> <span class='ocrx_word' id='word_1_41' title='bbox 379 754 603 806; x_wconf 82' lang='lat' dir='ltr'>amicitiae,</span> <span class='ocrx_word' id='word_1_42' title='bbox 625 753 815 795; x_wconf 88' lang='lat' dir='ltr'>solamen</span> <span class='ocrx_word' id='word_1_43' title='bbox 836 752 995 808; x_wconf 82' lang='lat' dir='ltr'>grande</span> <span class='ocrx_word' id='word_1_44' title='bbox 1017 752 1234 804; x_wconf 89' lang='lat' dir='ltr'>clientum,</span> 
     </span>
     <span class='ocr_line' id='line_1_10' title="bbox 191 808 1193 860; baseline -0.004 -8"><span class='ocrx_word' id='word_1_45' title='bbox 191 810 344 852; x_wconf 87' lang='lat' dir='ltr'>Dulcia</span> <span class='ocrx_word' id='word_1_46' title='bbox 365 810 544 851; x_wconf 88' lang='lat' dir='ltr'>cantatis</span> <span class='ocrx_word' id='word_1_47' title='bbox 565 809 664 850; x_wconf 89' lang='lat' dir='ltr'>dum</span> <span class='ocrx_word' id='word_1_48' title='bbox 685 809 797 850; x_wconf 91' lang='lat' dir='ltr'>uotis</span> <span class='ocrx_word' id='word_1_49' title='bbox 819 809 1007 850; x_wconf 86' lang='lat' dir='ltr'>carmina</span> <span class='ocrx_word' id='word_1_50' title='bbox 1027 808 1193 860; x_wconf 88' lang='lat' dir='ltr'>uestris,</span> 
     </span>
    </p>

    <p class='ocr_par' dir='ltr' id='par_1_5' title="bbox 21 863 1328 917">
     <span class='ocr_line' id='line_1_11' title="bbox 21 863 1328 917; baseline -0.005 -8"><span class='ocrx_word' id='word_1_51' title='bbox 21 895 23 898; x_wconf 57' lang='lat'>&lt;</span> <span class='ocrx_word' id='word_1_52' title='bbox 49 892 57 908; x_wconf 82' lang='grc'><em>;</em></span> <span class='ocrx_word' id='word_1_53' title='bbox 191 866 416 908; x_wconf 86' lang='lat' dir='ltr'>Facundos</span> <span class='ocrx_word' id='word_1_54' title='bbox 437 879 513 907; x_wconf 93' lang='lat' dir='ltr'>uos</span> <span class='ocrx_word' id='word_1_55' title='bbox 533 866 635 906; x_wconf 88' lang='lat' dir='ltr'>fecit</span> <span class='ocrx_word' id='word_1_56' title='bbox 656 880 786 907; x_wconf 85' lang='lat' dir='ltr'>amor.</span> <span class='ocrx_word' id='word_1_57' title='bbox 828 863 975 906; x_wconf 90' lang='lat' dir='ltr'>Uenus</span> <span class='ocrx_word' id='word_1_58' title='bbox 996 864 1119 916; x_wconf 87' lang='lat' dir='ltr'>alma,</span> <span class='ocrx_word' id='word_1_59' title='bbox 1142 865 1328 917; x_wconf 84' lang='lat' dir='ltr'>potestas</span> 
     </span>
    </p>

    <p class='ocr_par' dir='ltr' id='par_1_6' title="bbox 29 918 1321 976">
     <span class='ocr_line' id='line_1_12' title="bbox 29 918 1321 976; baseline -0.002 -14"><span class='ocrx_word' id='word_1_60' title='bbox 29 922 38 958; x_wconf 69' lang='grc' dir='ltr'><em>ζ</em></span> <span class='ocrx_word' id='word_1_61' title='bbox 104 938 109 943; x_wconf 94' lang='grc'>·</span> <span class='ocrx_word' id='word_1_62' title='bbox 143 931 164 962; x_wconf 84' lang='grc'>5</span> <span class='ocrx_word' id='word_1_63' title='bbox 185 921 413 976; x_wconf 89' lang='lat' dir='ltr'>Delphica,</span> <span class='ocrx_word' id='word_1_64' title='bbox 436 921 750 975; x_wconf 89' lang='lat' dir='ltr'>flammipotens</span> <span class='ocrx_word' id='word_1_65' title='bbox 771 921 944 962; x_wconf 85' lang='lat' dir='ltr'>inclusit</span> <span class='ocrx_word' id='word_1_66' title='bbox 963 919 1123 974; x_wconf 81' lang='lat' dir='ltr'>templa</span> <span class='ocrx_word' id='word_1_67' title='bbox 1144 918 1321 972; x_wconf 86' lang='lat' dir='ltr'>Cupido.</span> 
     </span>
    </p>

    <p class='ocr_par' dir='ltr' id='par_1_7' title="bbox 191 975 1265 1032">
     <span class='ocr_line' id='line_1_13' title="bbox 191 975 1265 1032; baseline -0.004 -13"><span class='ocrx_word' id='word_1_68' title='bbox 191 977 401 1032; x_wconf 88' lang='lat' dir='ltr'>Tempora</span> <span class='ocrx_word' id='word_1_69' title='bbox 421 977 505 1018; x_wconf 89' lang='lat' dir='ltr'>iam</span> <span class='ocrx_word' id='word_1_70' title='bbox 526 977 646 1018; x_wconf 93' lang='lat' dir='ltr'>lauro</span> <span class='ocrx_word' id='word_1_71' title='bbox 668 977 737 1018; x_wconf 89' lang='lat' dir='ltr'>uel</span> <span class='ocrx_word' id='word_1_72' title='bbox 758 980 897 1030; x_wconf 80' lang='lat' dir='ltr'>myrto</span> <span class='ocrx_word' id='word_1_73' title='bbox 920 976 1079 1031; x_wconf 83' lang='lat' dir='ltr'>cingite</span> <span class='ocrx_word' id='word_1_74' title='bbox 1099 975 1265 1016; x_wconf 88' lang='lat' dir='ltr'>frontes</span> 
     </span>
    </p>

    <p class='ocr_par' dir='ltr' id='par_1_8' title="bbox 190 1032 1183 1085">
     <span class='ocr_line' id='line_1_14' title="bbox 190 1032 1183 1085; baseline -0.003 -10"><span class='ocrx_word' id='word_1_75' title='bbox 190 1033 251 1075; x_wconf 88' lang='lat' dir='ltr'>Et</span> <span class='ocrx_word' id='word_1_76' title='bbox 269 1033 396 1075; x_wconf 89' lang='lat' dir='ltr'>uiolis</span> <span class='ocrx_word' id='word_1_77' title='bbox 418 1037 566 1074; x_wconf 86' lang='lat' dir='ltr'>ornate</span> <span class='ocrx_word' id='word_1_78' title='bbox 589 1047 743 1085; x_wconf 87' lang='lat' dir='ltr'>eomas,</span> <span class='ocrx_word' id='word_1_79' title='bbox 765 1032 867 1073; x_wconf 85' lang='lat' dir='ltr'>dent</span> <span class='ocrx_word' id='word_1_80' title='bbox 887 1032 984 1073; x_wconf 89' lang='lat' dir='ltr'>alba</span> <span class='ocrx_word' id='word_1_81' title='bbox 1004 1045 1183 1073; x_wconf 88' lang='lat' dir='ltr'>coronas</span> 
     </span>
    </p>

    <p class='ocr_par' dir='ltr' id='par_1_9' title="bbox 191 1088 1254 1142">
     <span class='ocr_line' id='line_1_15' title="bbox 191 1088 1254 1142; baseline -0.003 -12"><span class='ocrx_word' id='word_1_82' title='bbox 191 1089 303 1131; x_wconf 89' lang='lat' dir='ltr'>Lilia</span> <span class='ocrx_word' id='word_1_83' title='bbox 322 1089 455 1130; x_wconf 74' lang='lat' dir='ltr'>mixta</span> <span class='ocrx_word' id='word_1_84' title='bbox 475 1089 595 1142; x_wconf 90' lang='lat' dir='ltr'>rosis,</span> <span class='ocrx_word' id='word_1_85' title='bbox 619 1088 777 1130; x_wconf 87' lang='lat' dir='ltr'>candor</span> <span class='ocrx_word' id='word_1_86' title='bbox 795 1088 1020 1142; x_wconf 84' lang='lat' dir='ltr'>pallorque</span> <span class='ocrx_word' id='word_1_87' title='bbox 1041 1088 1254 1141; x_wconf 84' lang='lat' dir='ltr'>ruborque</span> 
     </span>
    </p>

    <p class='ocr_par' dir='ltr' id='par_1_10' title="bbox 193 1143 1184 1198">
     <span class='ocr_line' id='line_1_16' title="bbox 193 1143 1184 1198; baseline -0.003 -12"><span class='ocrx_word' id='word_1_88' title='bbox 193 1144 393 1187; x_wconf 76' lang='lat' dir='ltr'>Crinibus</span> <span class='ocrx_word' id='word_1_89' title='bbox 413 1145 571 1186; x_wconf 83' lang='lat' dir='ltr'>insidat</span> <span class='ocrx_word' id='word_1_90' title='bbox 594 1145 666 1198; x_wconf 91' lang='lat' dir='ltr'>qui</span> <span class='ocrx_word' id='word_1_91' title='bbox 687 1147 839 1185; x_wconf 87' lang='lat' dir='ltr'>uernat</span> <span class='ocrx_word' id='word_1_92' title='bbox 858 1144 904 1184; x_wconf 90' lang='lat' dir='ltr'>in</span> <span class='ocrx_word' id='word_1_93' title='bbox 925 1158 997 1185; x_wconf 92' lang='lat' dir='ltr'>ore</span> <span class='ocrx_word' id='word_1_94' title='bbox 1019 1143 1184 1197; x_wconf 85' lang='lat' dir='ltr'>puellis,</span> 
     </span>
    </p>

    <p class='ocr_par' dir='ltr' id='par_1_11' title="bbox 128 1199 1266 1478">
     <span class='ocr_line' id='line_1_17' title="bbox 128 1199 1217 1254; baseline 0 -13"><span class='ocrx_word' id='word_1_95' title='bbox 128 1210 171 1241; x_wconf 90' lang='lat'>10</span> <span class='ocrx_word' id='word_1_96' title='bbox 190 1200 388 1243; x_wconf 87' lang='lat' dir='ltr'>Floribus</span> <span class='ocrx_word' id='word_1_97' title='bbox 409 1201 632 1241; x_wconf 84' lang='lat' dir='ltr'>ambrosiis</span> <span class='ocrx_word' id='word_1_98' title='bbox 649 1199 864 1254; x_wconf 85' lang='lat' dir='ltr'>sponsalia</span> <span class='ocrx_word' id='word_1_99' title='bbox 884 1203 996 1241; x_wconf 88' lang='lat' dir='ltr'>serta</span> <span class='ocrx_word' id='word_1_100' title='bbox 1015 1200 1217 1254; x_wconf 81' lang='lat' dir='ltr'>ligentur.</span> 
     </span>
     <span class='ocr_line' id='line_1_18' title="bbox 194 1255 1261 1310; baseline -0.003 -12"><span class='ocrx_word' id='word_1_101' title='bbox 194 1255 331 1299; x_wconf 88' lang='lat' dir='ltr'>Saltet</span> <span class='ocrx_word' id='word_1_102' title='bbox 349 1256 627 1310; x_wconf 89' lang='lat' dir='ltr'>Apollineum</span> <span class='ocrx_word' id='word_1_103' title='bbox 647 1255 780 1297; x_wconf 83' lang='lat' dir='ltr'>Musis</span> <span class='ocrx_word' id='word_1_104' title='bbox 803 1256 1073 1297; x_wconf 82' lang='lat' dir='ltr'>cantantibus</span> <span class='ocrx_word' id='word_1_105' title='bbox 1094 1268 1261 1309; x_wconf 82' lang='lat' dir='ltr'>agmen,</span> 
     </span>
     <span class='ocr_line' id='line_1_19' title="bbox 193 1310 1229 1366; baseline -0.003 -12"><span class='ocrx_word' id='word_1_106' title='bbox 193 1312 358 1354; x_wconf 87' lang='lat' dir='ltr'>Laurea</span> <span class='ocrx_word' id='word_1_107' title='bbox 378 1315 490 1353; x_wconf 78' lang='lat' dir='ltr'>serta</span> <span class='ocrx_word' id='word_1_108' title='bbox 510 1312 641 1354; x_wconf 84' lang='lat' dir='ltr'>comis</span> <span class='ocrx_word' id='word_1_109' title='bbox 662 1312 857 1366; x_wconf 88' lang='lat' dir='ltr'>impona-t</span> <span class='ocrx_word' id='word_1_110' title='bbox 876 1311 1056 1366; x_wconf 85' lang='lat' dir='ltr'>pulchra</span> <span class='ocrx_word' id='word_1_111' title='bbox 1075 1310 1229 1364; x_wconf 87' lang='lat' dir='ltr'>Dione,</span> 
     </span>
     <span class='ocr_line' id='line_1_20' title="bbox 193 1366 1246 1421; baseline -0.003 -12"><span class='ocrx_word' id='word_1_112' title='bbox 193 1368 390 1410; x_wconf 87' lang='lat' dir='ltr'>Pallados</span> <span class='ocrx_word' id='word_1_113' title='bbox 411 1368 647 1409; x_wconf 85' lang='lat' dir='ltr'>armisonae</span> <span class='ocrx_word' id='word_1_114' title='bbox 669 1368 829 1409; x_wconf 87' lang='lat' dir='ltr'>crinem</span> <span class='ocrx_word' id='word_1_115' title='bbox 849 1367 1099 1421; x_wconf 82' lang='lat' dir='ltr'>praecingat</span> <span class='ocrx_word' id='word_1_116' title='bbox 1120 1366 1246 1418; x_wconf 89' lang='lat' dir='ltr'>oliua,</span> 
     </span>
     <span class='ocr_line' id='line_1_21' title="bbox 193 1422 1266 1478; baseline -0.003 -13"><span class='ocrx_word' id='word_1_117' title='bbox 193 1425 328 1466; x_wconf 88' lang='lat' dir='ltr'>Arma</span> <span class='ocrx_word' id='word_1_118' title='bbox 347 1423 457 1465; x_wconf 81' lang='lat' dir='ltr'>ferat</span> <span class='ocrx_word' id='word_1_119' title='bbox 478 1423 627 1464; x_wconf 86' lang='lat' dir='ltr'>Martis</span> <span class='ocrx_word' id='word_1_120' title='bbox 649 1424 802 1478; x_wconf 87' lang='lat' dir='ltr'>quibus</span> <span class='ocrx_word' id='word_1_121' title='bbox 823 1427 865 1464; x_wconf 90' lang='lat' dir='ltr'>et</span> <span class='ocrx_word' id='word_1_122' title='bbox 885 1423 1109 1477; x_wconf 90' lang='lat' dir='ltr'>proludere</span> <span class='ocrx_word' id='word_1_123' title='bbox 1130 1422 1266 1472; x_wconf 74' lang='lat' dir='ltr'>nostis</span> 
     </span>
    </p>

    <p class='ocr_par' dir='ltr' id='par_1_12' title="bbox 134 1478 1349 1756">
     <span class='ocr_line' id='line_1_22' title="bbox 134 1478 1185 1534; baseline -0.002 -14"><span class='ocrx_word' id='word_1_124' title='bbox 134 1488 175 1520; x_wconf 82' lang='lat'>15</span> <span class='ocrx_word' id='word_1_125' title='bbox 194 1479 254 1522; x_wconf 81' lang='lat' dir='ltr'>Et</span> <span class='ocrx_word' id='word_1_126' title='bbox 271 1479 433 1521; x_wconf 90' lang='lat' dir='ltr'>bellum</span> <span class='ocrx_word' id='word_1_127' title='bbox 451 1480 486 1520; x_wconf 91' lang='lat' dir='ltr'>si</span> <span class='ocrx_word' id='word_1_128' title='bbox 506 1483 673 1533; x_wconf 90' lang='lat' dir='ltr'>tempus</span> <span class='ocrx_word' id='word_1_129' title='bbox 696 1483 792 1534; x_wconf 86' lang='lat' dir='ltr'>eget</span> <span class='ocrx_word' id='word_1_130' title='bbox 811 1479 999 1533; x_wconf 84' lang='lat' dir='ltr'>perferre</span> <span class='ocrx_word' id='word_1_131' title='bbox 1021 1478 1185 1520; x_wconf 80' lang='lat' dir='ltr'>ualetis.</span> 
     </span>
     <span class='ocr_line' id='line_1_23' title="bbox 194 1532 1282 1588; baseline -0.003 -11"><span class='ocrx_word' id='word_1_132' title='bbox 194 1535 380 1577; x_wconf 85' lang='lat' dir='ltr'>Interius</span> <span class='ocrx_word' id='word_1_133' title='bbox 401 1550 478 1577; x_wconf 89' lang='lat' dir='ltr'>uos</span> <span class='ocrx_word' id='word_1_134' title='bbox 499 1535 623 1576; x_wconf 88' lang='lat' dir='ltr'>Musa</span> <span class='ocrx_word' id='word_1_135' title='bbox 645 1534 791 1577; x_wconf 88' lang='lat' dir='ltr'>Uenus</span> <span class='ocrx_word' id='word_1_136' title='bbox 814 1535 1094 1588; x_wconf 88' lang='lat' dir='ltr'>Phoebusque</span> <span class='ocrx_word' id='word_1_137' title='bbox 1117 1532 1282 1588; x_wconf 85' lang='lat' dir='ltr'>Cupido</span> 
     </span>
     <span class='ocr_line' id='line_1_24' title="bbox 193 1590 1349 1645; baseline -0.003 -13"><span class='ocrx_word' id='word_1_138' title='bbox 193 1591 253 1633; x_wconf 88' lang='lat' dir='ltr'>Et</span> <span class='ocrx_word' id='word_1_139' title='bbox 273 1590 470 1632; x_wconf 89' lang='lat' dir='ltr'>Bromius</span> <span class='ocrx_word' id='word_1_140' title='bbox 491 1591 679 1645; x_wconf 88' lang='lat' dir='ltr'>possedit</span> <span class='ocrx_word' id='word_1_141' title='bbox 698 1591 881 1645; x_wconf 82' lang='lat' dir='ltr'>Hymen,</span> <span class='ocrx_word' id='word_1_142' title='bbox 904 1591 1016 1631; x_wconf 86' lang='lat' dir='ltr'>Mars</span> <span class='ocrx_word' id='word_1_143' title='bbox 1038 1590 1165 1631; x_wconf 87' lang='lat' dir='ltr'>saltat</span> <span class='ocrx_word' id='word_1_144' title='bbox 1185 1602 1349 1630; x_wconf 88' lang='lat' dir='ltr'>amores</span> 
     </span>
     <span class='ocr_line' id='line_1_25' title="bbox 193 1645 1251 1701; baseline -0.003 -12"><span class='ocrx_word' id='word_1_145' title='bbox 193 1647 252 1689; x_wconf 89' lang='lat' dir='ltr'>Et</span> <span class='ocrx_word' id='word_1_146' title='bbox 272 1646 485 1689; x_wconf 89' lang='lat' dir='ltr'>Uenerem</span> <span class='ocrx_word' id='word_1_147' title='bbox 504 1647 672 1701; x_wconf 86' lang='lat' dir='ltr'>placare</span> <span class='ocrx_word' id='word_1_148' title='bbox 693 1647 822 1701; x_wconf 88' lang='lat' dir='ltr'>cupit,</span> <span class='ocrx_word' id='word_1_149' title='bbox 847 1648 912 1688; x_wconf 90' lang='lat' dir='ltr'>cui</span> <span class='ocrx_word' id='word_1_150' title='bbox 934 1647 1091 1687; x_wconf 85' lang='lat' dir='ltr'>militat</span> <span class='ocrx_word' id='word_1_151' title='bbox 1111 1645 1251 1687; x_wconf 89' lang='lat' dir='ltr'>omnis</span> 
     </span>
     <span class='ocr_line' id='line_1_26' title="bbox 195 1702 1201 1756; baseline -0.002 -12"><span class='ocrx_word' id='word_1_152' title='bbox 195 1702 409 1744; x_wconf 89' lang='lat' dir='ltr'>Marcidus</span> <span class='ocrx_word' id='word_1_153' title='bbox 430 1706 472 1744; x_wconf 91' lang='lat' dir='ltr'>et</span> <span class='ocrx_word' id='word_1_154' title='bbox 492 1702 617 1744; x_wconf 90' lang='lat' dir='ltr'>nudis</span> <span class='ocrx_word' id='word_1_155' title='bbox 638 1702 747 1744; x_wconf 86' lang='lat' dir='ltr'>ludit</span> <span class='ocrx_word' id='word_1_156' title='bbox 766 1706 863 1756; x_wconf 91' lang='lat' dir='ltr'>post</span> <span class='ocrx_word' id='word_1_157' title='bbox 883 1717 1001 1744; x_wconf 87' lang='lat' dir='ltr'>arma</span> <span class='ocrx_word' id='word_1_158' title='bbox 1021 1702 1201 1754; x_wconf 85' lang='lat' dir='ltr'>lacertis,</span> 
     </span>
    </p>

    <p class='ocr_par' dir='ltr' id='par_1_13' title="bbox 128 1756 1390 1813">
     <span class='ocr_line' id='line_1_27' title="bbox 128 1756 1390 1813; baseline -0.002 -13"><span class='ocrx_word' id='word_1_159' title='bbox 128 1767 173 1799; x_wconf 78' lang='lat'>20</span> <span class='ocrx_word' id='word_1_160' title='bbox 192 1761 257 1800; x_wconf 86' lang='lat' dir='ltr'>Ac</span> <span class='ocrx_word' id='word_1_161' title='bbox 277 1759 531 1800; x_wconf 90' lang='lat' dir='ltr'>furibundus</span> <span class='ocrx_word' id='word_1_162' title='bbox 544 1761 680 1800; x_wconf 88' lang='lat' dir='ltr'>Amor</span> <span class='ocrx_word' id='word_1_163' title='bbox 695 1757 876 1800; x_wconf 88' lang='lat' dir='ltr'>Ueneris</span> <span class='ocrx_word' id='word_1_164' title='bbox 898 1773 973 1813; x_wconf 88' lang='lat' dir='ltr'>per</span> <span class='ocrx_word' id='word_1_165' title='bbox 990 1761 1126 1799; x_wconf 84' lang='lat' dir='ltr'>castra</span> <span class='ocrx_word' id='word_1_166' title='bbox 1141 1756 1390 1811; x_wconf 88' lang='lat' dir='ltr'>triumphat,</span> 
     </span>
    </p>

    <p class='ocr_par' dir='ltr' id='par_1_14' title="bbox 194 1814 1121 1869">
     <span class='ocr_line' id='line_1_28' title="bbox 194 1814 1121 1869; baseline -0.002 -13"><span class='ocrx_word' id='word_1_167' title='bbox 194 1814 247 1856; x_wconf 90' lang='lat' dir='ltr'>In</span> <span class='ocrx_word' id='word_1_168' title='bbox 266 1815 466 1869; x_wconf 89' lang='lat' dir='ltr'>praedam</span> <span class='ocrx_word' id='word_1_169' title='bbox 488 1829 641 1856; x_wconf 90' lang='lat' dir='ltr'>uenere</span> <span class='ocrx_word' id='word_1_170' title='bbox 663 1814 729 1856; x_wconf 90' lang='lat' dir='ltr'>dei</span> <span class='ocrx_word' id='word_1_171' title='bbox 751 1816 947 1856; x_wconf 87' lang='lat' dir='ltr'>uincente</span> <span class='ocrx_word' id='word_1_172' title='bbox 970 1814 1121 1855; x_wconf 89' lang='lat' dir='ltr'>Dione.</span> 
     </span>
    </p>

    <p class='ocr_par' dir='ltr' id='par_1_15' title="bbox 195 1869 1192 1925">
     <span class='ocr_line' id='line_1_29' title="bbox 195 1869 1192 1925; baseline -0.002 -13"><span class='ocrx_word' id='word_1_173' title='bbox 195 1870 313 1925; x_wconf 90' lang='lat' dir='ltr'>Ergo</span> <span class='ocrx_word' id='word_1_174' title='bbox 337 1869 483 1912; x_wconf 91' lang='lat' dir='ltr'>Uenus</span> <span class='ocrx_word' id='word_1_175' title='bbox 503 1873 545 1912; x_wconf 89' lang='lat' dir='ltr'>te</span> <span class='ocrx_word' id='word_1_176' title='bbox 567 1871 691 1912; x_wconf 87' lang='lat' dir='ltr'>docta</span> <span class='ocrx_word' id='word_1_177' title='bbox 712 1884 817 1912; x_wconf 91' lang='lat' dir='ltr'>uoco</span> <span class='ocrx_word' id='word_1_178' title='bbox 840 1870 1023 1911; x_wconf 83' lang='lat' dir='ltr'>facunda</span> <span class='ocrx_word' id='word_1_179' title='bbox 1044 1870 1192 1923; x_wconf 84' lang='lat' dir='ltr'>perita,</span> 
     </span>
    </p>

    <p class='ocr_par' dir='ltr' id='par_1_16' title="bbox 195 1925 1303 1981">
     <span class='ocr_line' id='line_1_30' title="bbox 195 1925 1303 1981; baseline -0.003 -13"><span class='ocrx_word' id='word_1_180' title='bbox 195 1925 278 1968; x_wconf 91' lang='lat' dir='ltr'>Per</span> <span class='ocrx_word' id='word_1_181' title='bbox 297 1940 446 1967; x_wconf 91' lang='lat' dir='ltr'>sensus</span> <span class='ocrx_word' id='word_1_182' title='bbox 466 1929 508 1967; x_wconf 87' lang='lat' dir='ltr'>te</span> <span class='ocrx_word' id='word_1_183' title='bbox 529 1925 660 1967; x_wconf 89' lang='lat' dir='ltr'>funde</span> <span class='ocrx_word' id='word_1_184' title='bbox 682 1940 810 1967; x_wconf 89' lang='lat' dir='ltr'>meos.</span> <span class='ocrx_word' id='word_1_185' title='bbox 850 1930 924 1967; x_wconf 89' lang='lat' dir='ltr'>tua</span> <span class='ocrx_word' id='word_1_186' title='bbox 944 1926 1101 1981; x_wconf 87' lang='lat' dir='ltr'>gaudia</span> <span class='ocrx_word' id='word_1_187' title='bbox 1121 1925 1303 1977; x_wconf 87' lang='lat' dir='ltr'>seruent,</span> 
     </span>
    </p>

    <p class='ocr_par' dir='ltr' id='par_1_17' title="bbox 196 1981 1302 2037">
     <span class='ocr_line' id='line_1_31' title="bbox 196 1981 1302 2037; baseline -0.003 -13"><span class='ocrx_word' id='word_1_188' title='bbox 196 1981 359 2037; x_wconf 86' lang='lat' dir='ltr'>Sponte</span> <span class='ocrx_word' id='word_1_189' title='bbox 379 1982 525 2023; x_wconf 84' lang='lat' dir='ltr'>uenire</span> <span class='ocrx_word' id='word_1_190' title='bbox 547 1981 678 2035; x_wconf 85' lang='lat' dir='ltr'>decet,</span> <span class='ocrx_word' id='word_1_191' title='bbox 700 1996 789 2023; x_wconf 93' lang='lat' dir='ltr'>non</span> <span class='ocrx_word' id='word_1_192' title='bbox 810 1984 851 2023; x_wconf 89' lang='lat' dir='ltr'>te</span> <span class='ocrx_word' id='word_1_193' title='bbox 873 1982 993 2023; x_wconf 90' lang='lat' dir='ltr'>decet</span> <span class='ocrx_word' id='word_1_194' title='bbox 1012 1982 1073 2022; x_wconf 91' lang='lat' dir='ltr'>ire</span> <span class='ocrx_word' id='word_1_195' title='bbox 1094 1983 1302 2036; x_wconf 86' lang='lat' dir='ltr'>rogatam.</span> 
     </span>
    </p>
   </div>
   <div class='ocr_carea' id='block_1_5' title="bbox 0 1005 64 2522">
    <p class='ocr_par' dir='ltr' id='par_1_18' title="bbox 0 1005 64 2522">
     <span class='ocr_line' id='line_1_32' title="bbox 0 1005 64 2522; baseline 0 0"><span class='ocrx_word' id='word_1_196' title='bbox 0 1005 64 2522; x_wconf 95' lang='lat' dir='ltr'>   </span> <span class='ocrx_word' id='word_1_197' title='bbox 43 2042 59 2131; x_wconf 95' lang='lat' dir='ltr'> </span> 
     </span>
    </p>
   </div>
   <div class='ocr_carea' id='block_1_6' title="bbox 1 2064 1399 2354">
    <p class='ocr_par' dir='ltr' id='par_1_19' title="bbox 1 2064 1399 2354">
     <span class='ocr_line' id='line_1_33' title="bbox 3 2064 1396 2126; baseline -0.002 -9"><span class='ocrx_word' id='word_1_198' title='bbox 3 2064 47 2126; x_wconf 54' lang='grc' dir='ltr'>,ξ</span> <span class='ocrx_word' id='word_1_199' title='bbox 201 2086 235 2116; x_wconf 84' lang='lat' dir='ltr'>in</span> <span class='ocrx_word' id='word_1_200' title='bbox 265 2085 513 2125; x_wconf 79' lang='lat' dir='ltr'>subscriptione</span> <span class='ocrx_word' id='word_1_201' title='bbox 542 2084 777 2125; x_wconf 73' lang='lat' dir='ltr'>Gurgulianis</span> <span class='ocrx_word' id='word_1_202' title='bbox 808 2086 852 2125; x_wconf 79' lang='lat' dir='ltr'>cs.</span> <span class='ocrx_word' id='word_1_203' title='bbox 879 2086 1017 2116; x_wconf 70' lang='lat' dir='ltr'>indic-em</span> <span class='ocrx_word' id='word_1_204' title='bbox 1051 2084 1056 2124; x_wconf 90' lang='grc' dir='ltr'>Ι</span> <span class='ocrx_word' id='word_1_205' title='bbox 1089 2093 1211 2115; x_wconf 77' lang='lat' dir='ltr'>:ii-mae</span> <span class='ocrx_word' id='word_1_206' title='bbox 1238 2082 1396 2115; x_wconf 83' lang='lat' dir='ltr'>Kartha·</span> 
     </span>
     <span class='ocr_line' id='line_1_34' title="bbox 3 2129 1396 2172; baseline -0.001 -12"><span class='ocrx_word' id='word_1_207' title='bbox 3 2145 7 2154; x_wconf 66' lang='grc' dir='ltr'><strong>ι</strong></span> <span class='ocrx_word' id='word_1_208' title='bbox 33 2141 50 2165; x_wconf 85' lang='grc'>·,</span> <span class='ocrx_word' id='word_1_209' title='bbox 113 2129 211 2172; x_wconf 83' lang='lat' dir='ltr'>ginis</span> <span class='ocrx_word' id='word_1_210' title='bbox 231 2129 237 2170; x_wconf 82' lang='grc' dir='ltr'>Ι</span> <span class='ocrx_word' id='word_1_211' title='bbox 255 2129 340 2169; x_wconf 81' lang='lat' dir='ltr'>fort.</span> <span class='ocrx_word' id='word_1_212' title='bbox 358 2129 568 2161; x_wconf 81' lang='lat' dir='ltr'>scribendum</span> <span class='ocrx_word' id='word_1_213' title='bbox 594 2129 807 2161; x_wconf 83' lang='lat' dir='ltr'>Pacideium</span> <span class='ocrx_word' id='word_1_214' title='bbox 881 2132 895 2160; x_wconf 85' lang='lat' dir='ltr'>l</span> <span class='ocrx_word' id='word_1_215' title='bbox 923 2134 1001 2161; x_wconf 79' lang='lat' dir='ltr'>ante</span> <span class='ocrx_word' id='word_1_216' title='bbox 1027 2139 1155 2160; x_wconf 82' lang='lat' dir='ltr'>uersum</span> <span class='ocrx_word' id='word_1_217' title='bbox 1180 2130 1396 2168; x_wconf 78' lang='lat' dir='ltr'>corruptelae</span> 
     </span>
     <span class='ocr_line' id='line_1_35' title="bbox 37 2172 1398 2221; baseline -0.003 -14"><span class='ocrx_word' id='word_1_218' title='bbox 37 2179 45 2221; x_wconf 64' lang='lat' dir='ltr'><strong>j</strong></span> <span class='ocrx_word' id='word_1_219' title='bbox 109 2179 193 2207; x_wconf 76' lang='lat' dir='ltr'>nota</span> <span class='ocrx_word' id='word_1_220' title='bbox 216 2175 434 2215; x_wconf 71' lang='lat' dir='ltr'>conspicitur.</span> <span class='ocrx_word' id='word_1_221' title='bbox 466 2176 610 2215; x_wconf 79' lang='lat' dir='ltr'>spatium</span> <span class='ocrx_word' id='word_1_222' title='bbox 635 2175 782 2206; x_wconf 79' lang='lat' dir='ltr'>relictum</span> <span class='ocrx_word' id='word_1_223' title='bbox 807 2178 857 2206; x_wconf 86' lang='lat' dir='ltr'>est</span> <span class='ocrx_word' id='word_1_224' title='bbox 949 2176 970 2207; x_wconf 83' lang='lat'>5</span> <span class='ocrx_word' id='word_1_225' title='bbox 994 2174 1131 2205; x_wconf 82' lang='lat' dir='ltr'>inausit</span> <span class='ocrx_word' id='word_1_226' title='bbox 1155 2183 1244 2205; x_wconf 81' lang='lat' dir='ltr'>corr.</span> <span class='ocrx_word' id='word_1_227' title='bbox 1269 2172 1398 2204; x_wconf 69' lang='lat' dir='ltr'>Buech.</span> 
     </span>
     <span class='ocr_line' id='line_1_36' title="bbox 1 2217 1399 2267; baseline -0.002 -16"><span class='ocrx_word' id='word_1_228' title='bbox 1 2227 7 2267; x_wconf 54' lang='lat' dir='ltr'>j</span> <span class='ocrx_word' id='word_1_229' title='bbox 37 2223 47 2262; x_wconf 58' lang='lat' dir='ltr'>J</span> <span class='ocrx_word' id='word_1_230' title='bbox 112 2229 158 2251; x_wconf 83' lang='lat' dir='ltr'>an</span> <span class='ocrx_word' id='word_1_231' title='bbox 186 2218 350 2251; x_wconf 76' lang='lat' dir='ltr'>inuasit?</span> <span class='ocrx_word' id='word_1_232' title='bbox 458 2220 498 2251; x_wconf 90' lang='lat'>13</span> <span class='ocrx_word' id='word_1_233' title='bbox 529 2219 714 2251; x_wconf 84' lang='lat' dir='ltr'>amisonae</span> <span class='ocrx_word' id='word_1_234' title='bbox 752 2221 888 2252; x_wconf 86' lang='lat' dir='ltr'>crimen</span> <span class='ocrx_word' id='word_1_235' title='bbox 925 2219 1141 2260; x_wconf 80' lang='lat' dir='ltr'>corruptelae</span> <span class='ocrx_word' id='word_1_236' title='bbox 1173 2223 1255 2250; x_wconf 85' lang='lat' dir='ltr'>nota</span> <span class='ocrx_word' id='word_1_237' title='bbox 1286 2217 1399 2249; x_wconf 64' lang='lat' dir='ltr'>uersat·</span> 
     </span>
     <span class='ocr_line' id='line_1_37' title="bbox 2 2263 1398 2306; baseline -0.001 -13"><span class='ocrx_word' id='word_1_238' title='bbox 2 2264 4 2267; x_wconf 81' lang='grc'>’</span> <span class='ocrx_word' id='word_1_239' title='bbox 38 2269 48 2298; x_wconf 66' lang='grc' dir='ltr'>ἶ</span> <span class='ocrx_word' id='word_1_240' title='bbox 110 2265 273 2306; x_wconf 70' lang='lat' dir='ltr'>praefixa</span> <span class='ocrx_word' id='word_1_241' title='bbox 297 2267 348 2296; x_wconf 74' lang='lat' dir='ltr'>est</span> <span class='ocrx_word' id='word_1_242' title='bbox 462 2265 505 2296; x_wconf 79' lang='lat'>22</span> <span class='ocrx_word' id='word_1_243' title='bbox 530 2263 621 2296; x_wconf 88' lang='lat' dir='ltr'>duco</span> <span class='ocrx_word' id='word_1_244' title='bbox 653 2264 688 2305; x_wconf 93' lang='lat' dir='ltr'>(o</span> <span class='ocrx_word' id='word_1_245' title='bbox 713 2265 745 2296; x_wconf 83' lang='lat' dir='ltr'>in</span> <span class='ocrx_word' id='word_1_246' title='bbox 770 2264 906 2305; x_wconf 78' lang='lat' dir='ltr'>rasura)</span> <span class='ocrx_word' id='word_1_247' title='bbox 933 2275 1023 2298; x_wconf 82' lang='lat' dir='ltr'>corr.</span> <span class='ocrx_word' id='word_1_248' title='bbox 1052 2263 1178 2297; x_wconf 69' lang='lat' dir='ltr'>Buecle.</span> <span class='ocrx_word' id='word_1_249' title='bbox 1272 2263 1315 2294; x_wconf 72' lang='lat'>‘24</span> <span class='ocrx_word' id='word_1_250' title='bbox 1341 2272 1398 2293; x_wconf 88' lang='lat' dir='ltr'>ro-</span> 
     </span>
     <span class='ocr_line' id='line_1_38' title="bbox 34 2308 508 2354; baseline -0.002 -13"><span class='ocrx_word' id='word_1_251' title='bbox 34 2309 47 2354; x_wconf 54' lang='lat' dir='ltr'>,j</span> <span class='ocrx_word' id='word_1_252' title='bbox 114 2312 240 2351; x_wconf 68' lang='lat' dir='ltr'>gutum</span> <span class='ocrx_word' id='word_1_253' title='bbox 264 2318 355 2341; x_wconf 81' lang='lat' dir='ltr'>corr.</span> <span class='ocrx_word' id='word_1_254' title='bbox 382 2308 508 2341; x_wconf 74' lang='lat' dir='ltr'>Buech.</span> 
     </span>
    </p>
   </div>
  </div>
 </body>
</html>
