1635 2522
630 140 662 172 v
689 140 862 172 iis-177
1336 139 1387 181 15

192 240 352 280 Annua
371 238 580 280 nobilium
600 239 842 292 praestabat
861 237 1012 279 funera
1031 237 1201 291 templis

109 301 175 334 150
195 292 462 348 Saturnoque
483 293 575 335 seni
596 308 750 348 pueros
770 294 982 335 mactabat
1002 293 1053 334 acl
1074 307 1180 346 aras,

191 349 348 391 Tristia
367 349 648 404 plangentum
668 348 899 390 foedabant
920 363 993 390 ora
1014 351 1251 403 parentum.

190 404 284 447 Hoc
305 405 372 446 uir
391 405 515 446 fortis
536 405 647 460 agis,
671 405 890 459 rapientur
911 405 1072 446 uiscera
1095 407 1242 457 matri,

189 460 248 502 Et
267 461 379 515 perit
398 463 497 502 ante
519 461 664 502 oculos
685 461 892 516 genitoris
913 461 1069 515 pignus
1090 464 1276 502 amatum

189 518 279 558 Aut
297 517 458 571 populo
480 519 698 570 spectante
721 516 873 558 cadet?
911 531 1007 558 cum
1028 516 1157 557 Troia
1178 517 1355 571 periret,

105 579 169 611 155
191 571 325 613 Filius
346 572 541 613 Aeacidis
562 572 630 612 uel
653 572 807 613 uindex
830 572 1018 625 Pyrrhus
1043 571 1224 613 Achillis
1353 577 1356 580 ⁴

188 629 302 669 Ante
323 627 468 669 oculos
488 627 647 668 Priami
668 628 876 681 percussit
895 631 1020 669 nocte
1042 627 1214 669 Politen

188 682 299 724 Belli
320 683 410 724 iure
431 683 589 724 furens.
631 685 775 724 tamen
797 683 902 724 ultio
927 683 1056 738 digna
1076 683 1209 724 relata
1230 687 1305 736 est,

186 738 207 780 I
238 752 282 779 se
302 737 610 792 Neoptolemus
631 739 761 780 iacuit
781 753 1003 792 percussus
1024 739 1076 780 ad
1097 753 1210 780 aras:

187 753 378 842 &ualiter
398 794 593 848 impietas
615 809 657 836 se
680 795 888 847 uindicat,
910 795 1039 849 impie
1061 795 1210 836 uictor.

102 857 167 890 160
187 848 299 898 Quid
319 850 465 891 matris
487 851 648 904 patriae
670 850 956 892 uenerandam
976 850 1132 905 polluis
1154 850 1324 891 arcem?

185 905 238 947 In
258 920 342 960 qua
360 906 521 960 templa
541 906 701 960 sedent,
723 907 796 947 ubi
816 907 993 947 numina
1014 921 1140 960 saepe
1162 907 1323 960 precati

184 960 412 1016 Fleximus,
434 965 482 1003 ut
502 977 646 1016 sospes
667 962 834 1003 rediens
856 965 898 1004 et
918 963 1055 1004 uictor
1075 963 1120 1003 in
1142 962 1269 1003 armis

185 1016 387 1071 Captiuos
407 1020 506 1072 post
524 1018 635 1059 bella
654 1018 830 1059 trahens
852 1021 893 1059 et
914 1018 1089 1059 uulnere
1111 1018 1243 1059 lassos

183 1072 372 1114 Intrares
393 1074 593 1128 patriam,
615 1089 669 1115 ne
690 1088 842 1115 saeuus
863 1074 1055 1115 uinceret
1073 1073 1209 1115 hostis

100 1137 164 1168 165
185 1127 266 1177 Qui
288 1129 492 1171 scandens
513 1144 657 1172 muros
678 1130 792 1171 ciues
812 1130 994 1171 laniaret
1013 1130 1059 1171 in
1082 1131 1195 1171 urbe.

182 1184 278 1226 Hoc
298 1188 454 1226 matres
475 1186 678 1240 puerique
699 1188 876 1241 rogant,
898 1185 978 1227 hoc
1000 1186 1093 1240 ipsa
1115 1187 1322 1239 senectus,

185 1239 424 1296 Uirginitas
444 1241 526 1283 hoc
547 1245 663 1283 casta
683 1243 811 1296 petit,
834 1242 915 1283 hoc
937 1256 1098 1296 pauper
1120 1241 1281 1283 adorat.

97 1407 314 1455 Quaestio:
347 1411 406 1452 At
424 1411 609 1463 inquies:
637 1410 710 1452 sed
729 1422 888 1464 pauper
906 1411 1102 1453 inimicus
1122 1409 1378 1453 insidianter
1397 1429 1438 1460 [p.
1459 1429 1503 1461 ιε]

357 1470 499 1522 potuit
518 1469 567 1510 de
586 1470 720 1511 morte
741 1469 892 1511 diuitis
912 1471 1114 1523 cogitare.

179 1567 226 1611 Si
245 1571 405 1624 potuit,
428 1571 612 1612 uoluisse
634 1574 748 1625 puta.
790 1586 889 1612 nam
911 1572 1000 1613 uita
1020 1572 1208 1626 potentis

178 1624 280 1667 Non
300 1626 409 1667 iacet
429 1626 593 1668 insidiis
615 1627 697 1668 nisi
719 1627 863 1668 diuitis
886 1630 1011 1682 atque
1033 1627 1263 1690 propinqui

34 1682 38 1686 '
95 1687 160 1719 170
181 1682 271 1722 Aut
291 1684 402 1723 certe
423 1683 459 1723 si
480 1685 645 1737 sceptra
666 1683 816 1738 uigent
836 1683 914 1724 sub
935 1697 1048 1738 regls
1070 1697 1188 1724 auari

177 1736 376 1791 Imperio.
416 1737 572 1779 fortem
593 1738 767 1780 timidus
787 1738 990 1780 formidat
1011 1742 1053 1780 et
1073 1739 1239 1792 horret,

178 1792 281 1835 Non
301 1794 426 1835 fortis
446 1794 603 1835 lassum
629 1795 773 1836 timuit
792 1809 870 1836 nec
893 1795 1010 1837 diues
1028 1798 1236 1850 egentem.

179 1848 344 1891 Debilis
365 1853 408 1892 et
426 1865 589 1904 pauper
607 1850 747 1892 nudus
767 1850 985 1892 mendicus
1007 1865 1166 1906 egenus

180 1903 314 1953 Quem
330 1907 486 1947 macies
503 1921 701 1960 suprema
715 1910 845 1961 tenet,
869 1921 993 1961 quem
1014 1907 1177 1962 frangit
1197 1909 1375 1962 egestas,

97 1969 161 2001 175
184 1959 308 2002 Unde
328 1975 475 2002 necem
496 1962 638 2015 potuit
657 1977 819 2017 pauper
841 1965 1022 2004 tractare
1044 1962 1264 2017 potentis?

179 2015 303 2058 Solus
321 2017 411 2058 abit
432 2032 594 2072 pauper
613 2032 692 2059 nec
713 2033 756 2059 se
778 2019 1065 2072 circumspicit
1086 2032 1276 2073 unquam

175 2071 217 2114 N
220 2086 266 2114 ec
286 2073 411 2114 timet
430 2073 607 2115 insidias
628 2088 793 2129 semper
813 2075 920 2116 bene
942 2075 1136 2116 conscius
1157 2076 1318 2116 insons.

184 2199 247 2231 152
273 2200 490 2240 corruptelae
515 2205 594 2231 nola
617 2201 777 2241 praefixa
798 2198 803 2239 Ι
830 2205 907 2240 post
930 2200 1075 2232 uiscera
1100 2201 1220 2232 literae
1244 2200 1376 2241 conspi-

792 2251 829 2268 en

90 2275 222 2307 ciuntur
247 2278 280 2306 tr
374 2278 437 2308 155
463 2277 602 2309 eacidis
697 2279 758 2310 159
785 2278 951 2320 impietas
1047 2279 1108 2310 172
1144 2275 1280 2319 timuit]
1301 2278 1376 2318 for-

90 2324 181 2352 tasse
207 2321 347 2355 metuit.
373 2323 449 2353 uide
475 2334 504 2353 ιι.
532 2323 595 2354 178
