1635 2522
125 227 166 258 [P-
185 227 212 257 S]

229 116 255 157 8
733 111 994 145 HERCULES

317 213 381 254 Tu
401 212 507 254 mihi
527 225 687 253 numen
708 211 789 252 eris
809 211 845 251 si
867 210 1054 251 carmina
1072 211 1220 250 nostra
1237 209 1413 262 leuaris‚

250 279 294 308 20
313 268 425 310 Nam
465 271 540 309 tua
585 268 671 308 sint
710 279 984 320 quaecunque
1025 265 1179 319 loquor
1221 277 1497 318 quaecunque

1171 334 1382 361 canemus.

230 491 300 533 IV.
336 491 438 543 Exp.
458 489 680 543 praefatio.
719 489 877 542 Incipit
896 487 1121 529 adlocutio.
1160 487 1297 528 Uerba
1315 485 1510 528 Herculis

325 560 415 590 cum
434 547 601 589 uideret
619 547 786 600 Hydrae
806 547 1014 599 serpentis
1035 546 1176 599 capita
1194 544 1408 599 pullulare

736 606 832 658 post
852 604 1009 646 caedes.

314 719 507 772 Iuppiter
529 719 818 781 omnipotens,
841 718 942 758 celsi
963 717 1207 758 moderator
1229 717 1428 770 Olympi,

316 774 401 816 Cur
421 774 528 814 mihi
549 774 710 827 uiperei
732 774 844 814 fetus
866 773 976 813 mala
996 773 1086 813 fata
1107 773 1326 814 minantur
1336 772 1358 812 ‘?

316 830 375 870 Te
396 832 622 883 regnante,
644 843 815 882 parens,
844 829 889 869 in
910 843 976 869 me
999 829 1194 869 coniurat
1214 829 1362 882 iniqua

317 886 392 926 βω
387 887 565 938 pentum
587 885 758 925 cristata
777 898 940 925 manus.
982 883 1054 924 sed
1074 884 1184 925 forte
1207 883 1378 938 superbi

277 950 296 979 5
318 940 445 981 &unc
466 941 627 980 eaelum
655 943 788 980 terras
816 942 996 993 pontum
1016 939 1264 993 fulmenque
1286 938 1509 980 trisulcum

316 995 507 1037 Heredes
529 998 572 1036 et
591 995 700 1036 Iuno
722 998 889 1048 tenent,
912 1009 985 1036 seu
1005 995 1194 1050 fulgidus
1217 1001 1312 1036 ortu

318 1051 498 1092 Promis
518 1051 571 1092 ad
591 1054 724 1092 terras
745 1065 818 1092 seu
840 1052 923 1092 iam
945 1050 1134 1092 defessus
1155 1051 1299 1092 anheli

318 1106 474 1148 Sideris
497 1121 647 1148 occasu
668 1110 853 1148 maestus
873 1110 948 1147 tua
968 1120 1101 1161 regna
1122 1106 1340 1160 relinquis.

316 1163 531 1216 Paenitet,
554 1163 663 1203 alme
683 1177 858 1216 parens,
885 1165 1027 1203 uestra
1047 1162 1097 1203 de
1118 1163 1248 1216 stirpe
1271 1164 1456 1203 creatum

254 1227 295 1257 10
316 1218 508 1259 Alcidem
519 1251 530 1271 ,
553 1219 654 1272 quia
673 1218 817 1259 nullus
837 1218 975 1259 honos
997 1221 1040 1259 et
1059 1218 1175 1259 mille
1196 1218 1366 1272 pericla.

316 1272 428 1315 Nam
446 1274 727 1328 quodcunque
743 1274 904 1315 malum
925 1289 1098 1328 superas
1118 1274 1298 1328 emergit
1313 1274 1358 1314 in
1374 1287 1514 1328 auras,

316 1329 513 1370 Herculis
534 1330 669 1371 hostis
691 1330 782 1371 erit.
821 1345 897 1383 per
916 1344 995 1371 nos
1016 1344 1116 1370 nam
1136 1330 1249 1370 bella
1269 1331 1500 1384 geruntur,

318 1385 428 1425 Iuno
449 1399 635 1426 nouerca
655 1385 801 1426 furens
826 1386 967 1438 potuit
988 1400 1095 1439 quae
1116 1386 1231 1426 uicta
1250 1399 1399 1439 parare

318 1440 548 1494 Priuigno,
570 1443 718 1482 natum
739 1455 865 1494 quem
886 1442 1136 1494 comprobat
1157 1455 1247 1482 esse
1268 1441 1478 1482 Tonantis

255 1504 296 1535 15
318 1496 432 1537 Dum
460 1497 584 1537 nobis
614 1496 821 1537 immensa
841 1497 959 1537 iubet
967 1530 978 1550 7
1009 1511 1075 1537 me
1103 1511 1265 1551 proque
1285 1497 1514 1551 triumphis

318 1551 504 1593 Horrida
523 1552 636 1593 bella
656 1555 832 1593 manent
853 1555 895 1593 et
914 1567 1136 1606 nunquam
1157 1556 1268 1593 stare
1289 1553 1435 1594 licebit

318 1607 453 1648 Hoste
475 1608 566 1648 sine
586 1608 861 1662 trucibusque
885 1608 956 1648 diu
982 1622 1232 1649 concurrere
1253 1608 1456 1650 monstris

320 1663 576 1716 Compellor.
625 1666 816 1717 genitor,
838 1666 879 1704 te
900 1664 945 1704 in
965 1667 1133 1705 nosmet
1155 1664 1339 1717 pessima
1359 1664 1516 1706 coniux

319 1719 559 1771 Horrescit,
581 1719 735 1760 misero
758 1733 924 1772 semper
943 1722 990 1760 tu
1013 1733 1138 1760 causa
1158 1719 1307 1773 pericli
1330 1734 1386 1761 es.

253 1784 296 1814 20
317 1774 430 1816 Nam
450 1775 557 1815 mihi
578 1777 794 1828 reptantes
814 1774 979 1816 tumida
1000 1775 1163 1816 ceruice
1186 1775 1390 1816 dracones

319 1830 428 1872 Iuno
451 1830 555 1872 duos
577 1831 711 1884 misit,
735 1831 829 1884 quis
850 1831 1037 1872 frontem
1058 1831 1187 1872 crista
1206 1832 1400 1886 tegebat,

319 1886 538 1928 Flammea
559 1886 630 1927 lux
653 1886 810 1940 oculis,
834 1901 910 1940 pro
933 1887 1093 1940 spumis
1113 1890 1224 1928 tetra
1245 1901 1430 1940 uenena,

326 2057 359 2088 in
385 2057 604 2097 inscriptione
631 2056 759 2098 pulare
852 2059 872 2088 4
897 2069 960 2089 uno
987 2060 1167 2100 eodemque
1187 2063 1378 2090 octonarum
1403 2058 1518 2089 litera-

234 2112 307 2133 rum
335 2102 448 2141 spatio
480 2105 638 2142 quattuor
669 2112 785 2133 uersus·
809 2113 830 2133 a
855 2104 1003 2143 marffl'ne
1029 2104 1148 2135 remoti
1175 2107 1251 2134 sunt
1273 2105 1278 2139 J
1300 2103 1399 2134 nium
1497 2103 1518 2135 8

236 2148 394 2177 maestos
474 2147 511 2176 11
540 2156 717 2186 superans
744 2156 781 2178 se
807 2147 923 2178 uincit
947 2149 1162 2189 corruptelae
1186 2149 1280 2187 siquo
1306 2157 1344 2179 sc
1371 2151 1518 2179 notatum

238 2192 279 2222 15
305 2200 448 2231 quoque
545 2191 585 2222 18
611 2193 645 2221 te
673 2191 709 2221 in
735 2189 892 2233 nosmet]
921 2197 1112 2233 corruptum
1138 2193 1282 2224 uidetur.
1326 2193 1440 2224 sensui
1462 2201 1518 2224 re-

235 2236 380 2275 spondet
402 2237 451 2274 te,
478 2245 549 2266 non
576 2245 630 2267 me
716 2237 756 2267 19
783 2236 946 2268 Orrescit
1022 2239 1065 2269 :20
1091 2238 1250 2278 reptanti
1276 2247 1364 2269 corr.
1390 2237 1516 2269 Buech.

239 2280 282 2311 22
300 2282 401 2311 tecta
427 2281 642 2321 corruptelae
667 2281 761 2321 siquo
788 2286 934 2313 notatum
959 2292 1048 2314 corr.
1074 2282 1200 2315 Bneclt.
