1635 2522
551 154 864 188 SATISFACTIO
1297 155 1352 197 85

220 255 280 297 Ut
300 254 414 296 canit
434 254 485 295 ad
506 253 688 308 populos
708 253 866 307 pagina
886 256 1031 295 sancta
1052 253 1130 308 dci,

163 310 388 365 Sacrilegis
409 309 596 351 referens
618 308 815 350 caelestia
835 309 928 350 iura
949 310 1128 351 cateruis

219 365 393 408 Cinctus
414 365 649 420 apostolica
668 364 948 418 discipulante
967 380 1108 406 manu.

79 431 143 463 155
162 421 321 464 Nonne
342 421 408 462 dei
430 424 655 476 praecepta
675 420 825 461 iubent
843 434 897 461 ne
919 421 982 462 sol
1005 420 1127 463 cadat
1150 422 1314 463 intrans

219 477 433 519 Irascente
454 477 537 518 alio
559 477 631 518 sed
651 477 746 531 pius
768 478 882 517 extet
902 476 1062 518 homo?

162 532 254 576 Rex
274 533 545 574 inimicorum
566 532 724 587 iugulis
744 546 947 573 mucrone
968 533 1157 587 pepercit

216 588 359 630 Dauid
379 591 421 629 et
441 588 510 629 1110
531 587 699 629 30010113
722 590 859 629 0011113
881 587 1047 629 adulter
1068 589 1197 629 inest:

163 643 394 686 Confessus
413 643 580 685 facinus
605 643 771 684 ueniam
791 658 868 697 pro
893 643 1009 684 clade
1030 647 1216 685 meretur

34 719 41 728 ·
79 708 146 741 160
220 699 386 741 Noxius
407 699 580 753 impune
602 699 669 740 uel
691 699 781 739 sine
803 701 939 740 morte
961 713 1069 740 reus.

160 754 341 810 Insuper
362 757 404 796 et
424 753 627 797 Salomon
649 755 793 796 eadem
814 754 991 795 muliere
1014 757 1179 796 creatus

220 809 335 860 Quae
357 811 491 852 scelus
512 811 699 852 ammisit
718 825 871 851 munus
892 810 1066 852 honoris
1087 810 1232 852 habet:

161 865 264 908 Non
284 867 333 907 fit
353 866 591 908 Abessalon
611 866 734 907 heres
756 866 805 907 de
827 866 1009 921 coniuge
1029 868 1167 919 natus,

25 966 33 970 ,
219 921 301 964 Sed
322 922 491 963 sceleris
513 922 676 964 fructus
697 925 862 975 sceptra
882 926 1059 975 paterna
1080 925 1209 963 tenet.

22 986 27 1031 j»
78 986 144 1018 165
163 977 274 1019 Ecce
295 978 395 1032 quid
417 978 626 1032 impendit
644 978 756 1032 patri
778 978 1003 1019 clementia
1023 992 1199 1032 parcens

27 1032 38 1043 '¹
218 1032 280 1075 Ut
298 1033 379 1075 sibi
400 1047 534 1088 regna
554 1033 673 1074 daret
693 1036 741 1074 ut
761 1033 879 1074 daret
901 1036 943 1074 et
964 1033 1114 1075 suboli.

160 1089 258 1143 Ipse
279 1089 549 1131 inimicorum
571 1088 775 1131 Salomon
796 1104 884 1130 non
907 1089 1016 1130 colla
1036 1089 1232 1143 poposcit

219 1144 332 1186 Dum
352 1148 516 1199 peteret
535 1145 767 1199 dominum,
791 1145 862 1186 sed
883 1145 1086 1199 sapientis
1108 1159 1231 1199 opem
1249 1160 1256 1185 :

22 1247 24 1251 .
160 1199 318 1242 Extitit
336 1200 406 1242 1110
427 1201 612 1255 prudens
634 1201 734 1255 quia
754 1201 895 1242 noluit
916 1216 1004 1242 0330
1026 1203 1225 1242 cruentus

22 1286 23 1289 η
77 1264 143 1296 170
219 1255 509 1311 Pacifieusque
530 1257 613 1299 fuit
632 1257 883 1311 consiliique
901 1260 1041 1298 tenax,

162 1310 404 1366 Stephanus
420 1316 517 1354 ante
540 1313 646 1354 alios
667 1313 856 1367 lapidum
878 1313 955 1354 sub
972 1312 1179 1367 grandine
1197 1315 1358 1367 martyr

216 1367 424 1410 Hostibus
446 1369 595 1410 orabat
616 1372 767 1423 sponte
789 1369 875 1410 suis
897 1370 1079 1410 ueniam.

159 1422 278 1465 Haec
297 1425 411 1466 bona
431 1424 679 1478 simplicitas
700 1428 887 1479 praestat
907 1425 1050 1466 ieiuna
1071 1425 1253 1466 cruoris:

217 1478 298 1522 Uir
317 1481 408 1522 sine
429 1484 565 1522 morte
587 1494 738 1535 gerens
760 1480 821 1521 nil
842 1481 971 1522 habet
990 1481 1079 1534 ipse
1101 1481 1228 1521 necis.

78 1543 142 1575 175
163 1534 319 1578 Caesar
337 1536 494 1590 ubique
515 1539 667 1590 potens
688 1536 801 1578 hosti
821 1539 920 1590 post
939 1536 1051 1578 bella
1070 1536 1274 1590 pepercit,

217 1591 275 1633 Et
295 1592 407 1646 quod
429 1595 519 1634 erat
538 1593 659 1646 peius
681 1593 785 1633 ciuis
808 1596 850 1634 et
869 1592 1005 1634 hostis
1027 1595 1136 1633 erat:

161 1646 323 1702 Sponte
344 1648 590 1690 facultatem
611 1648 836 1689 redhibens
857 1648 1072 1702 reparauit
1091 1641 1290 1701 honoros,

217 1702 322 1746 Inde
343 1707 520 1746 uocatus
540 1705 629 1745 abit
650 1704 802 1759 dignus
823 1704 986 1745 honore
1008 1703 1087 1745 dei.

73 1840 290 1881 interpolatis
318 1841 450 1882 Ieyitur.
500 1842 656 1872 uidentur
686 1845 793 1872 autem
822 1846 902 1882 post
931 1841 1014 1872 hunc
1045 1851 1174 1872 uersum
1202 1840 1360 1871 nonnulla

71 1886 237 1927 periisse,
263 1895 343 1916 'nam
374 1886 406 1916 ἰη
431 1885 643 1928 sequentibus
673 1887 714 1917 de
740 1885 873 1918 Christo
903 1886 1016 1924 aqilur
1110 1886 1172 1915 155
1196 1884 1240 1924 cf.
1269 1884 1358 1915 Pau-

74 1931 139 1962 lum
163 1930 210 1961 ad
234 1929 360 1971 Ephes.
378 1931 411 1971 4,
431 1931 472 1961 26
499 1931 715 1962 Dracontimn
739 1931 772 1963 d.
798 1931 860 1962 deo
887 1929 939 1961 111
966 1931 1031 1961 599
1125 1929 1187 1960 157
1214 1927 1358 1970 populis

73 1975 274 2016 interpolati
303 1979 335 2006 et
367 1976 536 2007 Areualus
651 1976 714 2006 160
749 1984 828 2006 reus
865 1986 910 2006 ex
946 1975 1159 2015 interpolatis
1190 1974 1360 2005 Areualus

73 2021 254 2061 suppleuit.
284 2020 428 2060 spatium
453 2031 534 2052 uero
560 2021 591 2051 in
611 2019 777 2052 Uaticano
802 2021 916 2051 codice
942 2020 1072 2051 uidetur
1099 2019 1247 2049 relictum
1271 2027 1359 2057 esse,

74 2073 146 2096 cum
175 2065 454 2105 interpunctionis
486 2070 564 2097 nota
600 2076 665 2107 qua
696 2065 839 2096 disticha
869 2066 1001 2105 sinqula
1031 2065 1251 2095 terminantur
1280 2066 1359 2103 post

74 2111 188 2141 morte
211 2119 278 2142 non
301 2111 531 2151 conspiciatur
625 2110 687 2141 162
714 2109 860 2141 admisit
891 2110 1012 2141 editum
1107 2109 1168 2140 163
1195 2107 1242 2139 sit
1266 2117 1358 2139 corr.

75 2153 258 2188 Areualue.
297 2159 374 2187 eunt
396 2159 504 2187 autem
522 2155 538 2186 f
560 2159 591 2186 et
616 2165 632 2186 s
656 2156 776 2186 literae
801 2155 1018 2195 difficillimae
1042 2154 1201 2185 dislin(-ln
1295 2151 1359 2183 165

73 2199 193 2241 patris
216 2199 261 2240 cf.
281 2211 312 2235 u.
333 2201 395 2232 191
490 2201 553 2232 166
578 2204 617 2231 ut
641 2199 711 2232 sibi
737 2209 848 2241 regna
873 2199 977 2231 daret
1002 2201 1039 2230 et
1060 2198 1126 2230 sub
1153 2197 1233 2229 nihil
1256 2199 1355 2227 ultra.

73 2243 144 2276 uid.
168 2245 216 2276 ad
237 2255 268 2277 u.
293 2245 367 2277 160.
390 2247 434 2276 111
459 2245 564 2277 daret
587 2248 625 2276 et
656 2244 774 2276 soboli
801 2245 969 2276 Arenalns
1000 2243 1148 2276 restituit
1178 2253 1223 2273 ex
1254 2243 1358 2272 inter·-

71 2290 199 2331 polatis
291 2290 355 2322 174
381 2290 505 2323 furens
531 2291 729 2331 interpolati
752 2294 784 2321 et
810 2291 978 2321 Areualus
1072 2289 1134 2319 177
1161 2285 1355 2318 redhibens

74 2334 224 2376 parauit
246 2343 336 2369 corr.
362 2334 533 2367 Areualus
619 2335 682 2367 178
707 2334 786 2367 obit
810 2334 915 2366 diuus
946 2334 1126 2375 proposuit
1151 2331 1276 2364 Bueclz.
