1635 2522
116 1359 158 1389 [p.
177 1359 222 1389 17]

235 144 288 185 16
717 141 1092 174 CONTROUERSIA

318 242 535 285 Sollicitus
555 241 713 282 multos
733 239 887 280 metuit
907 253 1034 292 quem
1052 239 1178 280 turba
1198 241 1390 291 ueretur,

321 297 598 339 Circumdant
617 296 779 348 famuli,
801 296 943 348 plures
965 295 1178 348 stipantur
1198 294 1335 335 amici.

238 363 302 394 180
322 353 482 395 Diuitis
500 352 702 405 obsequio
720 350 935 392 concurrit
954 351 1080 390 turba
1095 350 1310 403 clientum,

319 408 389 451 Sic
409 409 491 449 iter
511 410 681 461 aptatur
701 406 770 447 uel
791 405 995 446 transitus
1017 405 1087 445 ille
1117 409 1304 458 paratur,

320 464 489 505 Audeat
509 466 557 504 ut
576 463 719 503 nullus
740 461 823 502 hoc
843 463 1140 514 praetereunte
1161 461 1322 502 uenire.

295 620 513 667 Quaestio:
540 620 600 660 At
617 619 802 671 inquies:
829 617 902 659 sed
920 618 1064 671 potest
1082 629 1286 659 uenenum
1305 627 1466 671 pauper

462 677 591 719 diuiti
610 678 773 719 secreta
793 676 1037 730 obreptione
1057 687 1300 729 supponere.

321 780 448 821 Tetra
468 793 634 819 uenena
655 778 749 819 neci
770 778 906 832 pretio
928 778 1086 818 maiore
1110 779 1315 831 parantur

319 836 379 876 Et
397 849 552 875 munus
573 836 733 875 secreta
751 833 889 874 fouet:
913 833 1006 895 quis
1028 833 1220 874 conscius
1241 847 1430 886 unquam

241 900 302 931 185
323 891 602 944 Incorruptus
624 889 721 941 erit,
744 889 817 942 qui
837 903 927 930 non
947 889 1001 929 sit
1022 892 1135 930 sorte
1157 888 1400 942 redemptus

323 946 536 995 Quantam
549 945 668 985 diues
683 944 824 997 habet,
835 947 1038 998 quantam
1046 958 1124 985 nec
1141 958 1304 998 pauper
1315 943 1520 985 habebit?

322 1001 443 1043 Adde
465 1001 578 1055 quod
596 1000 746 1041 infelix
766 1014 930 1054 pauper
950 1014 1028 1041 nec
1048 1004 1175 1041 noete
1195 999 1459 1053 propinquat

322 1057 482 1099 Diuitis
502 1056 555 1097 ad
576 1060 750 1099 tectum.
791 1070 890 1096 nam
911 1070 1011 1097 mox
1031 1070 1108 1109 pro
1130 1055 1224 1096 fure
1252 1059 1435 1108 tenetur,

322 1113 569 1155 Nocturnus
591 1115 804 1167 grassator
826 1112 918 1165 erit,
940 1112 1149 1152 ferietur
1138 1111 1313 1152 inermis

243 1178 306 1209 190
327 1169 385 1211 Et
404 1171 641 1223 prostratus
662 1168 786 1230 inops
807 1167 1041 1209 armabitur
1061 1181 1160 1208 ense
1177 1169 1353 1208 cruento

326 1224 389 1266 Ut
409 1224 598 1279 gladium
619 1224 837 1265 strinxisse
859 1224 1014 1277 putes
1002 1238 1048 1264 111
1069 1224 1160 1264 fata
1179 1222 1366 1277 potentis

325 1280 489 1322 Diuitis
510 1283 607 1321 ante
629 1280 754 1321 fores.
794 1279 979 1320 medicos
1000 1282 1073 1320 aut
1092 1279 1204 1320 forte
1224 1278 1444 1319 ministros

328 1336 567 1378 Sollicitare
588 1339 729 1389 potest
749 1335 886 1376 audax
907 1335 986 1376 sub
1006 1338 1132 1376 nocte
1153 1335 1296 1375 silenti

327 1391 410 1440 Qui
434 1393 511 1433 sub
533 1392 625 1432 luce
647 1391 792 1445 fugit?
822 1391 1000 1444 pauidos
1022 1391 1227 1432 informat
1248 1392 1434 1444 egestas,

244 1457 307 1488 195
328 1448 519 1489 Diuitiae
540 1447 652 1487 uires
673 1449 891 1500 praestant
912 1447 1161 1500 animosque
1183 1449 1418 1487 resumunt.

326 1504 562 1565 Paupertas
583 1504 778 1544 conferre
799 1505 937 1543 metus
959 1502 1124 1543 adferre
1145 1516 1350 1556 pauorem

327 1560 462 1608 Nouit
482 1562 524 1600 et
544 1574 589 1599 111
610 1559 788 1599 miseros
809 1572 975 1612 semper
996 1558 1213 1599 stimulare
1235 1559 1444 1612 potentes.

328 1660 527 1701 Forsitan
550 1658 743 1700 obiicias:
766 1659 881 1700 urbis
904 1658 1102 1700 defensor
1121 1659 1316 1699 habetur.

326 1715 430 1757 Non
451 1730 557 1769 opus
579 1719 642 1755 est
661 1714 871 1767 laedatur,
893 1715 966 1755 ais.
1006 1729 1083 1755 nec
1104 1714 1244 1755 laedat
1263 1714 1491 1766 honestos,

244 1781 311 1812 200
330 1772 383 1813 In
405 1785 628 1813 commune
649 1771 785 1811 bonos
806 1774 921 1812 totos
943 1770 1143 1811 defendat
1163 1773 1205 1811 et
1226 1772 1362 1824 ornet,

329 1828 480 1883 Erigat
502 1841 739 1881 oppressos,
762 1825 987 1867 mediocris
1007 1840 1169 1880 pauper
1189 1828 1366 1867 ametur.

329 1884 432 1925 Non
456 1882 549 1924 ideo
573 1883 731 1923 bellum
753 1885 844 1923 tota
869 1883 1027 1923 uirtute
1048 1882 1215 1936 peregit

334 1939 395 1980 Ut
415 1939 541 1980 liceat·
560 1939 642 1979 ciui
665 1939 777 1979 ciues
799 1939 972 1992 impune
993 1952 1156 1979 necare.

335 1995 507 2036 Fortior
528 1998 591 2035 est
613 1994 761 2035 diues
751 1995 929 2048 iuuenis
951 1994 1087 2049 magis
1108 1993 1206 2035 inde
1228 1991 1454 2034 timendus.

342 2099 405 2130 178
428 2103 506 2139 post
538 2097 669 2128 multos
694 2099 816 2139 ledum·
847 2098 969 2128 timuit
992 2098 1055 2128 sed
1084 2102 1285 2138 expunctum
1380 2096 1443 2128 184
1472 2094 1535 2135 qui

249 2153 339 2175 corr.
367 2142 492 2175 Rueck.
607 2144 670 2173 185
701 2142 864 2183 quisquis
896 2153 985 2173 corr.
1016 2142 1140 2173 Bacch.
1165 2141 1169 2181 Ι
1199 2141 1291 2172 forte
1325 2145 1359 2172 et
1389 2140 1453 2173 186
1483 2139 1534 2171 bis

252 2190 427 2229 quantum
453 2188 542 2228 qnod
566 2188 664 2227 posui
687 2188 860 2228 temptauit
892 2186 1014 2218 Bueclz.
1133 2188 1192 2218 191
1221 2185 1382 2226 petentis
1468 2184 1532 2216 197

248 2234 392 2273 spatium
417 2233 566 2263 relictam
595 2233 786 2273 siynumque
818 2233 1032 2272 corruptelae
1059 2232 1251 2272 praefixum
1277 2236 1339 2262 est.
1388 2230 1430 2261 de
1452 2239 1532 2270 snp-

246 2278 413 2318 plemento
439 2278 598 2316 conferas
623 2277 675 2308 lx
701 2278 719 2308 7
742 2276 746 2315 Ι
774 2278 841 2307 alia
868 2279 1018 2318 quaestio
1050 2277 1082 2307 in
1112 2275 1326 2317 sequentibus
1350 2277 1532 2306 tractatur.

250 2324 406 2354 nonnulla
432 2322 644 2353 eavidermzt.
740 2323 805 2352 200
831 2321 945 2353 bonus
972 2331 1060 2353 corr.
1090 2320 1218 2356 Buecla,
