1635 2522
329 74 385 115 54
787 70 1150 104 DELIBERATIUA

333 231 393 272 At
405 229 588 282 inquies:
604 226 786 268 dolorem
800 236 932 268 meum
944 225 1109 274 leniam,
1124 237 1409 280 percussorem
1416 226 1606 271 Patrocli

468 286 640 329 canibus
660 286 704 327 et
718 285 967 327 uolucribus
986 286 1024 327 si
1043 284 1193 326 dedero
1211 284 1467 328 laniandum.

222 371 314 435 (1ῗίἶῖ
416 388 677 429 Hectoreum
697 386 732 427 si
753 387 863 427 forte
884 400 1008 427 canes
1029 385 1189 427 laniare
1210 385 1388 427 cadauer

413 443 508 497 Ipse
529 457 652 496 paras
674 442 918 496 crimenque
939 444 1082 495 putas,
1104 441 1185 483 hoc
1206 440 1605 485 Medus‘honestum

351 507 393 538 80
414 498 558 540 Credit
580 500 621 539 et
641 497 692 538 ad
713 497 862 538 Persas
883 497 1024 538 honor
1043 500 1106 538 est
1126 498 1161 538 si
1183 498 1372 538 membra
1391 498 1586 540 uolucres

412 554 623 607 Eripiant.
656 555 697 593 et
717 553 835 594 nulla
856 554 977 594 detur
996 553 1096 594 licet
1118 553 1281 594 ossibus
1302 567 1421 607 urna,

412 609 560 650 Multis
582 609 772 649 membra
790 611 936 649 tamen
957 608 1193 650 condentur
1212 611 1333 663 rapta
1354 609 1575 663 sepulcris.

413 665 577 718 Corpus
598 664 768 704 flamma
789 678 978 705 cremans
996 665 1190 718 absumit,
1207 665 1396 706 membra
1410 669 1606 708 uorantes

412 720 505 762 Hoc
523 720 638 761 canis
654 719 736 761 hoc
752 720 946 761 uolucres
962 720 1139 773 faciunt,
1150 721 1221 761 uix
1233 734 1327 761 ossa
1343 720 1604 775 relinquunt,

348 786 390 815 35
410 777 467 818 Et
488 790 616 831 rogus
639 790 732 816 ossa
752 776 876 829 rapit.
907 776 1055 817 forsan
1076 776 1313 816 seruabitur
1333 775 1493 818 Hector

413 831 472 873 Ut
492 831 730 872 madefacta
752 832 907 872 cadant
927 832 1184 874 siccantibus
1207 845 1300 872 ossa
1320 831 1516 873 medullis

409 887 468 929 Et
487 888 617 942 longa
637 887 714 927 sub
734 887 832 928 tabe
853 887 998 929 fluant.
1030 887 1111 928 hoc
1132 889 1285 929 cunct-a
1305 887 1498 941 sepulcra

410 943 634 986 Exercent.
672 946 817 984 tamen
837 943 1031 985 intererit
1052 943 1165 997 quod
1186 943 1329 984 clausa
1347 942 1535 984 tenebris

212 1006 253 1038 [p-
273 1005 316 1036 69]
411 999 665 1040 Putrescant
684 999 878 1052 tumulis,
901 1002 943 1040 at
964 1000 1033 1040 hic
1054 1000 1132 1040 sub
1153 999 1247 1040 luce
1268 998 1513 1040 madescant

346 1064 389 1094 90
409 1057 702 1109 Aspectusque
723 1058 820 1096 tuos
840 1055 1059 1096 funestent
1080 1069 1175 1096 ossa
1196 1055 1359 1095 diurnis

412 1111 596 1154 Uisibus.
617 1110 915 1152 Andromache
930 1111 1142 1152 tumulum
1157 1111 1238 1151 sibi
1259 1110 1442 1151 formet
1431 1103 1605 1152 inanem

410 1167 468 1208 Et
489 1181 659 1208 causam
680 1167 863 1208 lacrimis
884 1167 1013 1208 faciet
1033 1181 1160 1221 quam
1182 1166 1363 1220 denegat
1383 1166 1532 1208 hostis.

411 1222 470 1264 Te
491 1226 647 1276 tamen,
667 1222 822 1264 Iliacae
843 1223 1072 1277 populator
1092 1222 1244 1277 gentis,
1267 1221 1479 1263 Achillem

412 1277 649 1334 Sacrilegi
638 1294 721 1320 13111
741 1293 881 1333 poena
902 1281 1057 1331 11131101,
1080 1293 1152 1332 qm
1173 1293 1273 1319 111113
1293 1277 1523 1332 peremptis

346 1344 387 1373 95
410 1334 443 1375 F
446 1338 616 1376 unestas
638 1335 847 1376 elementa
867 1335 984 1376 uiris.
1014 1334 1298 1387 corrumpitur
1319 1347 1390 1374 aer

412 1390 635 1444 Mortibus,
657 1391 769 1431 unde
791 1393 906 1431 caret
925 1390 1050 1432 tellus
1072 1389 1273 1431 uitalibus
1296 1389 1424 1440 auris,

412 1446 512 1488 Non
531 1461 663 1501 purus
686 1447 763 1487 sub
785 1447 872 1487 sole
895 1446 995 1499 dies,
1018 1460 1107 1487 non
1128 1445 1264 1486 sidera
1284 1446 1422 1486 noctis

410 1502 641 1556 Impolluta
663 1502 840 1556 micant,
862 1502 1083 1543 fuscantur
1104 1516 1262 1543 cornua
1283 1501 1421 1554 lunae,

411 1558 612 1600 Sordibus
635 1561 677 1599 et
695 1561 833 1599 totum
856 1558 961 1599 caeli
984 1572 1080 1599 mox
1101 1558 1237 1599 inficit
1258 1557 1415 1598 orbem.

331 1624 393 1653 101»
412 1614 453 1655 N
457 1629 513 1655 011
535 1614 732 1655 Phoebus
752 1614 914 1654 Danais
935 1615 1125 1667 morbos,
1148 1628 1236 1654 non
1257 1612 1384 1654 Troia
1404 1612 1595 1669 Pelasgis

412 1670 549 1710 Infert
571 1673 644 1710 aut
664 1672 810 1710 natam
831 1672 1026 1723 repetens
1047 1684 1122 1723 per
1143 1672 1279 1710 castra
1300 1669 1494 1710 sacerdos

414 1725 594 1779 Chryses
617 1725 888 1779 Apollineus:
910 1725 1009 1766 hinc
1032 1728 1131 1766 sunt
1152 1725 1251 1765 hinc
1272 1724 1424 1765 funera
1445 1727 1606 1767 maesta

413 1781 446 1822 F
450 1782 613 1822 ortibus
636 1785 676 1822 et
696 1781 855 1822 bellum
877 1781 1039 1836 geritur
1059 1795 1153 1822 cum
1176 1783 1311 1822 morte
1333 1784 1522 1822 cruenta.

412 1837 572 1878 Hector
593 1837 636 1878 in
658 1837 778 1878 hoste
800 1837 881 1878 fuit
903 1851 1052 1878 saeuus
1074 1851 1168 1877 cum
1191 1838 1279 1877 uita
1300 1839 1503 1890 maneret,

440 1936 481 1967 81
515 1934 604 1966 nulli
636 1946 726 1966 corr.
755 1934 881 1966 Bacch.
985 1935 1027 1966 82
1060 1933 1263 1976 sepulchris
1366 1935 1409 1967 83
1438 1936 1607 1976 suppleuit

328 1979 455 2011 Bueeh.
550 1980 593 2011 86
619 1979 711 2011 male
739 1979 841 2010 facta
866 1989 954 2011 corr.
980 1979 1108 2011 Bacch.
1131 1978 1135 2020 Ι
1165 1978 1388 2011 siccantibus
1413 1989 1608 2022 quamquam

327 2025 475 2065 permire
509 2025 631 2055 dictum
663 2028 713 2056 est
743 2028 851 2055 tamen
885 2025 995 2056 nescio
1030 2035 1101 2055 num
1126 2023 1335 2056 scribendum
1359 2025 1404 2055 sit
1429 2024 1604 2065 siccatis}

329 2067 485 2101 metlulis
525 2079 570 2100 cas
610 2068 778 2100 medullis
818 2079 940 2100 rasura
1061 2070 1103 2100 87
1145 2068 1339 2110 sepulchra
1450 2068 1493 2101 89
1533 2079 1605 2101 ma-

330 2111 482 2145 descunt
505 2125 595 2145 corr.
623 2114 750 2146 Buech.
867 2115 909 2145 94
931 2119 1010 2154 post
1036 2123 1153 2154 poena
1178 2124 1301 2145 rasura
1416 2114 1459 2145 96
1484 2111 1607 2156 tellus]

329 2157 451 2190 laesus
545 2160 587 2190 98
613 2157 810 2200 Impullata
835 2169 924 2189 corr.
953 2158 1076 2190 Rueck.
1101 2157 1105 2199 Ι
1127 2157 1315 2189 sulcantur
1339 2168 1428 2192 corr.
1447 2157 1573 2191 Buech.
1602 2158 1605 2197 ζ

331 2203 412 2234 11100
483 2204 526 2235 99
549 2203 632 2243 fort.
658 2213 751 2235 mors
825 2204 884 2235 101
914 2204 1054 2235 lnseret
1079 2213 1168 2236 corr.
1186 2203 1311 2237 Buech.
1335 2201 1340 2243 Ι
1363 2206 1474 2235 nauta
1545 2204 1607 2236 102

332 2247 463 2290 Cryscs
