1635 2522
633 108 701 141 v11
731 109 823 141 89—
835 109 897 140 153
1349 107 1404 148 29

217 207 439 262 Temporis
459 205 694 260 immodici,
716 220 794 247 nec
814 220 891 248 uos
911 206 1084 259 impune
1105 206 1262 247 tacetis.

217 262 362 305 Poena
382 266 447 304 est
465 277 553 304 non
575 262 711 303 leuior
731 262 853 303 uobis
874 261 1091 316 quatiente
1113 261 1285 316 pudore,

215 317 338 367 Quod
359 319 458 360 licet
478 318 676 373 exiguum
697 321 841 359 tamen
861 318 973 358 inter
992 317 1085 358 iura
1103 320 1274 371 poetam

218 373 427 416 Temnitis
447 375 715 415 immemores
735 373 916 414 facunda
936 376 1077 414 mente
1098 373 1236 427 periti.

136 437 200 469 125
222 429 333 478 Quid
353 430 526 485 prodest
545 444 733 471 seruasse
754 429 971 471 hominem
995 431 1092 483 post
1110 432 1231 470 tanta
1251 429 1410 482 pericla

216 485 274 527 Et
295 486 484 528 clausum
505 486 677 540 liquisse
699 485 771 526 diu
792 485 870 526 sub
891 484 1007 526 clade
1028 484 1206 526 salutis?

221 541 321 584 Non
343 542 453 583 male
474 541 648 595 peccaui
669 555 747 582 nec
768 556 840 582 rex
862 541 993 582 iratus
1014 540 1158 595 inique
1181 543 1255 593 est,

220 596 302 639 Sed
322 597 434 638 mala
454 611 573 638 mens
594 596 780 638 hominis
809 611 917 650 quae
938 596 1090 637 detulit
1111 611 1182 637 ore
1203 595 1392 649 maligno

217 652 275 694 Et
295 653 403 694 male
424 652 637 707 suggessit
656 656 758 693 tunc
780 656 820 693 et
841 667 935 693 mea
958 652 1069 693 facta
1089 652 1298 706 grauauit.

140 715 205 747 130
224 707 405 750 Poscere
426 723 552 762 quem
573 709 742 749 ueniam
765 708 916 760 decuit,
938 707 1047 748 male
1069 708 1243 748 suscitat
1264 707 1346 748 iras

220 763 278 805 Et
299 764 519 805 dominum
540 778 767 819 regemque
788 764 906 818 pium
927 763 1089 804 saeuire
1111 763 1263 818 coegit.

221 819 332 861 Nam
356 820 457 861 deus
479 820 750 874 omnipotens
773 819 1024 874 compungit
1044 819 1171 860 corda.
1191 818 1377 873 regentis

223 874 401 924 Quando
422 876 539 917 iubet
559 876 717 929 pietate
739 890 815 916 sua
834 876 1088 929 ueniamque
1109 875 1280 916 relaxat.

223 933 283 973 At
303 946 397 973 cum
420 932 526 973 liber
547 946 618 973 ero
641 931 813 973 domino
835 932 1083 987 ignoscente
1103 931 1311 983 reductus,

142 995 207 1027 135
227 986 341 1029 Dum
363 990 475 1029 tacet
496 1001 541 1029 os
563 990 751 1029 uestrum
770 1002 849 1029 nec
869 1002 948 1029 nos
969 1002 1162 1029 sermone
1183 986 1352 1038 iuuatis‚

224 1042 414 1085 Nomina
434 1046 576 1084 uestra
596 1058 691 1085 reor
711 1044 938 1098 praeconia
958 1043 1075 1084 nulla
1095 1042 1340 1084 manebunt.

227 1098 308 1140 Sed
330 1114 383 1140 ne
404 1103 564 1141 maesta
584 1113 741 1141 canens
762 1099 988 1141 concludat
1009 1113 1177 1140 carmen
1198 1097 1368 1151 amoris,
1431 1112 1470 1146 [p.
1490 1111 1533 1145 311

225 1154 331 1196 Post
352 1155 453 1196 haec
475 1159 576 1197 uota
597 1170 749 1209 parens
771 1155 871 1210 quid
893 1156 949 1196 sit
968 1155 1133 1196 factura
1152 1153 1305 1205 Dione,

225 1209 463 1252 Murmuret
484 1226 530 1252 os
551 1212 746 1265 tacitum,
769 1211 939 1254 Carales
960 1225 1054 1252 cum
1076 1210 1263 1265 coeperit
1283 1209 1355 1250 iri:

142 1274 207 1306 140
228 1267 402 1308 Aeolias
422 1270 538 1322 petet
559 1267 633 1309 illa
654 1268 801 1309 domos
822 1267 988 1308 aditura
1007 1270 1238 1321 tyrannum

224 1321 284 1364 Ut.
305 1323 446 1364 frenet
466 1326 618 1365 uentos
639 1327 681 1365 et
703 1323 870 1365 caerula
890 1338 1101 1365 marmora
1121 1321 1280 1375 tendat,

223 1377 398 1421 Mollior
417 1394 518 1420 aura
538 1393 685 1421 means
712 1383 880 1421 tantum
900 1380 1014 1421 bona
1034 1379 1211 1420 flumina
1229 1378 1385 1430 mittat,

230 1433 289 1476 Ut
310 1435 413 1476 ratis
434 1435 660 1477 incolumis
681 1434 909 1477 Sardorum
930 1435 1076 1476 littora
1095 1436 1256 1489 tangat.

230 1489 322 1532 Nec
343 1494 474 1545 negat
495 1491 599 1533 haec
629 1491 762 1533 Eolus
785 1491 1024 1532 [enerisua
1044 1492 1137 1532 iura
1156 1489 1341 1545 roganti.

150 1553 214 1585 145
236 1545 386 1601 Cypris
407 1549 452 1587 in
475 1551 628 1588 ornatu
649 1548 828 1589 ueniens
848 1547 956 1588 freta
977 1547 1127 1602 glauca
1147 1549 1340 1601 uagatur,

234 1601 340 1644 Cum
362 1603 502 1658 pelagi
523 1602 736 1657 Nymphis
757 1603 881 1645 ibunt.
901 1604 1089 1645 Tritonis
1111 1601 1272 1644 alumni

230 1657 460 1700 Nereidum
483 1662 706 1712 spumante
728 1659 857 1701 choro
878 1659 1118 1714 Phorcique
1139 1658 1314 1700 clientes

233 1713 426 1769 Gurgitis
447 1716 644 1768 aequorei
666 1716 802 1769 pisces
822 1716 1025 1757 immania
1045 1719 1134 1757 cete

232 1769 289 1811 Et
311 1785 600 1825 quaecumque
621 1771 758 1812 latens
780 1775 925 1826 surget
945 1771 994 1813 de
1016 1771 1214 1812 fluctibus
1234 1768 1330 1810 imis

151 1833 216 1865 150
236 1825 371 1867 Belua
390 1827 592 1868 terribilis
613 1841 796 1868 summas
818 1828 973 1883 gestire
994 1842 1070 1882 per
1090 1826 1237 1878 undas,

234 1881 352 1923 Inter
373 1897 477 1936 quas
499 1883 699 1937 delphine
720 1883 869 1924 sedens
892 1883 1069 1924 Galatea
1087 1881 1243 1924 minaci

234 1936 482 1992 Neptunum
506 1939 733 1992 perfundet
754 1940 874 1993 aquis
895 1943 1066 1980 rorante
1087 1939 1261 1990 fluento,

232 1992 310 2034 Ille
332 1998 457 2048 caput
479 1994 737 2049 barbamque
759 1996 840 2036 ciet
860 1995 1024 2036 ridente
1045 1994 1199 2036 Dione.

237 2108 300 2139 122
323 2109 467 2148 spatium
498 2119 562 2140 non
587 2110 746 2140 relictum.
786 2110 955 2150 suppleuit
980 2109 1107 2141 Bueclz.
1203 2107 1266 2138 129
1297 2105 1377 2137 fata

1068 2155 1130 2185 142
1157 2153 1288 2184 mictat
1368 2148 1431 2181 146

146 2151 211 2184 132
236 2158 455 2194 compunget
480 2164 570 2186 cor-r.
590 2153 716 2186 Buecle.
813 2156 875 2186 137
902 2163 969 2185 nec

144 2195 317 2229 Tritones
341 2208 431 2229 cor-r.
459 2197 582 2229 Buecle.
695 2199 758 2230 148
784 2202 889 2241 caete
983 2200 1045 2230 149
1071 2200 1118 2230 At
1153 2197 1158 2240 Ι
1195 2195 1313 2238 surgit
1337 2204 1428 2228 corr.

143 2238 271 2276 Buce-11,
371 2244 433 2274 150
465 2242 573 2274 Bella
678 2245 738 2276 151
772 2237 902 2276 delfine
1021 2245 1083 2276 153
1115 2244 1188 2275 ciet
1218 2241 1318 2283 quasi
1354 2250 1431 2272 cor-

142 2288 299 2328 ruptelae
321 2288 416 2328 31'9710
441 2292 587 2320 notatum
