1635 2522
22 59 61 89 *f

564 141 615 174 ix
641 144 772 175 23-77
1248 141 1302 183 53

112 243 179 285 Da
193 241 376 296 ueniam,
394 241 573 282 iuuenis.
595 254 799 296 magnum
808 242 871 282 est
880 239 1052 294 punisse
1062 239 1301 294 triumphos

0 300 1 303 ’
39 307 91 341 '50
112 297 329 340 Hectoris:
351 296 433 338 hoc
454 300 518 338 sat
538 296 619 338 erit
638 296 751 350 quod
772 296 822 337 de
844 297 1006 338 uictore
1026 295 1279 350 triumphas.

111 354 204 396 Iam
223 353 364 395 luctus
385 355 586 394 conuerte
606 355 702 393 tuos
722 351 775 393 ad
795 351 950 408 gaudia
970 352 1120 405 uictor,

113 408 280 452 Gaudia
301 409 375 463 qui
395 408 638 463 Phrygibus
659 407 806 449 sollers
827 408 873 449 in
893 407 1044 448 funera
1064 407 1206 450 uertis,

40 473 45 475 ’
111 464 267 508 Infelix
288 465 385 519 plus
406 463 535 506 Troia
554 464 687 519 gemit
708 478 835 518 quam
856 463 995 518 perdit
1016 462 1205 504 Achilles

113 520 285 563 Fortior
306 520 432 562 occisi
453 533 714 574 consurgens
735 519 850 561 ultor
870 519 1006 560 amici.

47 586 90 619 55
113 575 313 619 Infremis
333 575 566 617 Aeacides?
598 575 671 629 qui
699 575 886 617 uindicet
906 574 1092 616 Hectora
1119 588 1208 615 non
1228 576 1304 616 est.

114 634 240 674 Anne
259 631 390 672 Parin
409 630 584 672 fortuna
603 631 752 672 iuuet?
774 631 846 686 qui
869 631 984 672 crine
1005 629 1193 671 madenti

111 687 230 730 Inter
247 686 460 742 lanigeras
481 686 638 742 gaudet
657 687 829 728 latuisse
850 686 1013 740 puellas

112 743 205 785 Nec
225 746 361 784 mater
380 741 624 784 ueneranda
643 742 761 784 iubet
782 741 897 796 quod
919 741 1053 783 laudis
1074 740 1230 782 habere

112 797 208 842 Hoc
228 798 319 853 agit
339 801 382 839 et
401 811 589 853 pugnam
610 797 808 840 thalamis
830 800 997 839 exercet
1017 796 1182 838 adulter

22 890 26 894 .
48 864 92 896 60
113 854 291 896 Pectore
315 853 514 895 femineo.
546 852 725 895 Ueneris
745 867 845 895 nam
866 853 978 895 bella
999 852 1167 894 lacessit

105 909 178 952 ,Ut
198 909 348 951 Martis
369 909 553 951 declinet
573 923 679 963 opus
700 909 768 950 uel
790 909 972 950 fulmina
993 909 1132 962 campi

113 965 316 1020 Effugiat.
345 979 586 1021 magnoque
606 968 718 1006 tacet
739 965 884 1006 dotata
903 964 1109 1017 Lacaena,

116 1020 334 1076 Sanguine
355 1021 658 1076 Troiugenum,
682 1020 859 1062 Graium
880 1020 1025 1062 dotata
1045 1033 1207 1062 cruore.

115 1076 334 1118 Dardanio
386 1077 451 1118 uis
471 1091 617 1117 murus
638 1077 719 1118 erit
737 1079 835 1130 post
855 1076 1042 1117 Hectora
1063 1089 1226 1130 campo,

51 1142 94 1174 65
114 1132 331 1174 Aduersus
395 1147 525 1174 anaos
546 1133 640 1186 quis
662 1131 870 1188 Pergama
890 1133 1001 1173 fessa
1020 1134 1177 1185 tuetur,

116 1188 337 1242 Puppibus
357 1188 571 1243 Argolicis
592 1187 803 1244 Phrygios
825 1189 919 1242 quis
941 1188 1097 1242 diriget
1116 1187 1250 1242 ignes,

117 1243 221 1293 Quis
241 1243 472 1286 Telamone
493 1248 630 1285 satum
653 1248 855 1286 constans
883 1244 1068 1286 umbone
1089 1245 1311 1285 tonantem

119 1298 310 1342 Sustinet
329 1303 404 1341 aut
422 1299 573 1341 Teucri
595 1300 750 1341 tolerat
769 1314 845 1355 per
865 1299 976 1341 bella
997 1299 1206 1355 sagittas?
1320 1314 1360 1345 [p.
1378 1315 1424 1346 cs]

119 1354 223 1404 Quis
242 1355 379 1397 hostis
400 1355 619 1397 Diomedis
641 1356 739 1410 erit,
762 1370 869 1410 quae
890 1359 1032 1397 turma
1051 1356 1266 1397 furentem

51 1420 95 1452 70
113 1410 287 1465 Excipit
307 1411 352 1452 in
373 1411 555 1466 clipeum
575 1425 754 1466 surgens
775 1426 870 1453 cum
891 1411 1064 1453 torserit
1082 1411 1249 1453 hastam

117 1466 305 1508 Turbine
327 1466 565 1522 belligero?
595 1469 688 1521 quis
709 1482 798 1509 non
818 1468 908 1509 sine
930 1467 1107 1508 uulnere
1126 1467 1286 1509 fractus

118 1522 317 1565 Concidit
337 1526 379 1564 et
399 1523 584 1565 moriens
604 1523 896 1565 tremibundos
917 1523 1102 1578 porrigit
1121 1522 1270 1565 artus?

120 1577 325 1632 Tydidem
346 1580 513 1620 Aeneas
534 1579 701 1620 rediens
721 1579 767 1620 in
787 1579 899 1620 bella
922 1580 1109 1633 lacesset,

118 1635 158 1675 A
179 1647 262 1688 quo
284 1634 422 1676 uictus
443 1635 549 1688 abit,
572 1635 646 1689 qui
666 1635 880 1689 impressit
902 1635 1080 1676 uulnera
1100 1634 1257 1676 matri?

54 1698 96 1730 75
116 1689 228 1732 Nam
249 1689 419 1731 niueam
440 1690 589 1731 lusisse
610 1691 693 1732 fuit
713 1691 785 1745 pla
816 1705 886 1732 are
909 1690 1135 1745 Cytheren.

117 1744 325 1801 Pergama
346 1745 482 1787 Pelidi
502 1746 639 1788 fateor
658 1750 757 1800 post
775 1705 965 1789 Iglectora
983 1750 1165 1788 tractum

118 1800 220 1843 Non
240 1801 400 1843 bellum
421 1801 494 1843 sed
509 1803 665 1856 praeda
681 1805 829 1857 patent
846 1807 1064 1857 spectante
1081 1802 1312 1857 triumpho.

126 1972 170 2003 55
195 1970 342 2003 eacides
435 1972 478 2004 56
503 1971 607 2003 iubet
631 1981 722 2003 corr.
742 1971 869 2003 Buce-k.
890 1971 896 2014 1
918 1973 1055 2004 crimen
1081 1972 1206 2004 adenti
1223 1981 1315 2004 corr.

35 2015 162 2048 Buech.
254 2015 297 2047 58
321 2015 478 2047 habetur
506 2027 597 2048 corr.
627 2015 750 2050 Rueck.
843 2018 886 2048 62
916 2017 1015 2049 iacet
1044 2027 1135 2048 corr.
1163 2017 1292 2049 Buecle.

35 2060 80 2093 64
108 2059 294 2092 Dardanis
317 2071 407 2091 corr.
432 2059 559 2095 Bueeh.
652 2062 695 2092 66
720 2061 917 2102 phrygibus
947 2072 1036 2094 corr.
1062 2061 1189 2095 Buectz.
1273 2061 1314 2092 71

35 2106 84 2137 no
160 2105 204 2137 73
226 2103 393 2146 Tydiden
420 2103 426 2146 Ι
453 2105 602 2138 lacessit
627 2116 716 2138 corr.
736 2105 864 2140 Bueclz.
957 2108 999 2138 74
1024 2106 1180 2138 unlnena
1273 2105 1315 2137 76

35 2151 182 2182 nactum
206 2159 297 2182 corr.
323 2149 451 2182 Buech-
