1635 2522
278 76 334 118 58
739 79 1103 113 DELIBERATIUA
1619 0 1633 133 l

1629 137 1633 158 Ι

283 185 346 216 195
366 176 584 219 Mentibus
605 177 810 219 adsciscat
829 179 1061 220 uenerandi
1081 182 1184 221 uota
1201 181 1402 234 parentis.
1627 162 1635 262 ᾖ

363 232 475 274 Nam
496 233 666 288 genitor
686 233 838 275 Peleus
858 234 1016 275 laetum
1035 238 1134 288 post
1153 236 1265 276 bella
1284 236 1428 277 uidere
1630 266 1633 272 «

363 288 422 329 Te
445 289 573 342 cupit,
597 292 639 329 et
659 289 801 330 senior
820 289 1082 345 Lycomedes
1104 291 1298 346 coniugis
1318 295 1466 333 auctor
1629 276 1635 341 l

362 344 552 397 Exoptat
571 344 714 385 reduci
735 345 923 399 gaudens
945 345 1094 387 offerre
1118 350 1332 400 nepotem.
1629 346 1635 379 ἲ

363 399 612 441 Planctibus
635 400 954 442 Andromaches
983 414 1059 442 ceu
1079 415 1279 457 praesens
1306 402 1463 444 blanda
1482 418 1556 457 pu-

1222 459 1336 498 tetur

280 519 346 549 200
366 509 592 551 Deidamia
612 511 738 552 simul
759 525 866 565 quae
888 511 1038 553 sollers
1058 515 1183 553 nocte
1205 513 1355 567 dieque
1629 416 1635 569 i

365 565 511 607 Mente
535 566 666 607 oculis
689 569 851 608 attenta
872 567 1002 621 uolat,
1024 581 1124 608 nam
1144 568 1342 610 fluctibus
1363 569 1467 610 atris
1630 582 1635 599 ¹

363 621 550 663 Carbasa
570 623 708 676 prima
728 622 878 664 uidens
899 623 1041 664 nautis
1064 624 1247 665 occurrit
1266 624 1312 665 in
1332 625 1457 666 undis

361 677 617 732 Perquirens
639 678 674 719 si
695 678 824 720 Troia
843 679 940 731 ruit,
962 679 996 720 si
1019 679 1204 721 concidit
1222 679 1383 722 Hector

157 742 199 774 [p-
233 743 278 774 ⁷4]
376 733 568 776 Sollicita
588 748 713 788 quem
732 737 874 776 mente
892 735 1027 788 timet,
1047 738 1089 776 te
1109 735 1271 789 plectra
1289 739 1507 778 tenentem

278 799 344 831 205
365 792 508 844 Atque
529 790 686 830 iterum
707 790 883 831 blandas
904 791 1083 831 iuuenili
1102 791 1257 844 pollice
1279 791 1457 833 chordas
1634 809 1635 815 ¹

364 846 631 900 Tangentem
651 845 822 887 laudare
845 847 962 900 cupit
982 846 1051 887 uel
1075 846 1246 888 brachia
1266 847 1376 889 collo
1633 846 1635 854 ⁴

363 901 405 942 N
408 904 545 942 ectere
567 901 782 943 mellifluis
803 901 1039 956 adiungens
1061 902 1204 944 oscula
1223 902 1367 944 labris.
1629 859 1635 994 1

362 957 541 998 Hecuba
560 960 722 998 maesta
741 972 915 1013 gemens
937 961 979 999 et
999 973 1127 999 canos
1147 958 1323 1012 puluere
1344 958 1524 1001 foedans
1629 999 1635 1011 ‚

365 1013 517 1055 Omine
538 1027 628 1054 non
648 1014 724 1054 tali
745 1016 924 1055 matrem
945 1017 1187 1068 praesentet
1207 1015 1259 1055 ab
1280 1014 1405 1056 undis

278 1078 344 1110 210
366 1069 501 1111 Corde
522 1071 596 1110 tuo
617 1069 772 1123 pietas:
804 1070 904 1111 licet
923 1069 1027 1111 haec
1048 1070 1246 1111 mortalia
1265 1070 1358 1111 fata
1624 1015 1635 1180 i

361 1126 413 1166 In
434 1140 478 1167 se
499 1125 618 1166 nulla
637 1125 781 1179 timet,
803 1128 947 1167 tamen
967 1126 1070 1167 haec
1092 1128 1146 1179 te,
1168 1126 1293 1167 fortis
1314 1126 1517 1181 Achilles,

362 1181 590 1222 Mortalem
612 1182 808 1236 genuisse
830 1181 957 1223 dolet.
997 1181 1122 1234 haec,
1145 1196 1326 1235 summe,
1348 1184 1531 1224 retracta

360 1237 418 1278 Et.
438 1237 608 1278 ueniam
630 1238 785 1292 largire
805 1238 913 1291 pius.
956 1237 991 1278 si
1013 1252 1146 1291 parua
1165 1240 1383 1291 putantur,

361 1293 447 1334 Fac
468 1293 666 1347 pretium,
690 1294 839 1347 uictor,
861 1307 1115 1348 generosum
1136 1294 1271 1334 uende
1293 1293 1484 1335 cadauer.

279 1357 344 1388 215
366 1348 588 1390 Uendatur
610 1363 685 1390 ceu
706 1350 830 1390 uiuus
853 1349 989 1390 adhuc
1010 1364 1089 1390 nec
1110 1364 1285 1390 munere
1306 1364 1454 1403 paruo,

365 1404 448 1447 Sed
469 1408 624 1446 ueneat
643 1408 764 1447 tanto
786 1408 946 1460 quanto
968 1405 1218 1459 pensabitur
1238 1405 1411 1447 Hector.

362 1460 459 1503 Hoc
480 1461 620 1515 placet
640 1465 688 1503 ut
708 1461 831 1503 fortis
852 1461 1058 1502 habeatur
1079 1461 1216 1502 iudice
1237 1461 1349 1502 bello

364 1517 482 1559 Mors
502 1518 689 1571 pretiosa
710 1517 804 1558 uiri.
847 1524 1021 1559 cunctos
1042 1517 1227 1559 hortaris
1249 1518 1294 1558 in
1314 1517 1495 1571 hostem,

365 1572 410 1614 Si
430 1588 519 1615 non
541 1573 638 1614 uilis
661 1574 741 1615 erit
761 1574 937 1615 ueniens
960 1588 1133 1615 occasus
1154 1574 1200 1614 in
1222 1573 1350 1614 armis

279 1636 346 1668 220
369 1628 449 1677 Qui
471 1644 514 1670 se
537 1629 771 1684 despiciens
793 1630 907 1671 ciues
929 1629 1075 1670 dilexit
1098 1633 1139 1671 et
1159 1630 1318 1672 urbem.

362 1684 628 1726 Dardanides
651 1685 862 1739 dependat
883 1700 996 1740 opes7
1019 1686 1089 1727 det
1110 1699 1265 1740 magna
1284 1685 1466 1726 talenta:

360 1743 583 1795 Astyanax
604 1744 739 1796 egeat,
761 1741 955 1782 Priamus
976 1741 1189 1783 mendicet
1210 1744 1253 1783 et
1273 1755 1419 1782 omnes

362 1797 518 1838 Infelix
540 1812 647 1851 quos
668 1797 796 1839 Troia
817 1798 941 1851 capit.
977 1797 1080 1839 haec
1102 1812 1241 1851 poena
1260 1798 1451 1839 manebit

368 1900 432 1931 19ss
463 1899 576 1931 letum
673 1902 734 1933 198
765 1901 877 1932 offere
973 1902 1035 1933 199
1069 1911 1134 1933 ceu
1166 1911 1316 1942 presens
1347 1900 1460 1933 bland
1485 1910 1562 1932 ma·

277 1938 349 1976 ritu'
374 1945 437 1976 sed
460 1945 493 1976 in
518 1947 667 1984 maraine
685 1947 879 1977 adnotatum
897 1947 990 1977 uides
1018 1950 1167 1987 putatur
1192 1957 1282 1978 corr.
1298 1945 1424 1980 Bacch.
1496 1946 1559 1978 201

275 1989 390 2020 uiclat
422 1989 550 2021 Βιιει-Ιι.
581 1992 758 2031 proposuit
796 1989 801 2031 Ι
834 1991 918 2030 fort.
946 1991 1030 2022 altis
1146 1992 1210 2022 202
1243 1991 1372 2022 animis
1402 1990 1562 2022 occurrit

276 2034 397 2065 nautis
424 2036 597 2075 temptauit
624 2034 749 2067 Bacch.
844 2037 908 2067 205
941 2035 1070 2067 cordas
1163 2036 1230 2067 ‘206
1256 2039 1293 2067 et
1317 2045 1407 2067 corr.
1432 2033 1559 2075 Bacch.

321 2079 386 2109 207
412 2078 592 2119 adiunges
684 2080 749 2112 208
776 2079 900 2111 Ecuba
922 2079 926 2120 Ι
948 2079 1074 2122 pluere
1168 2081 1231 2111 211
1260 2080 1387 2112 timent
1405 2090 1496 2112 corr.
1515 2089 1562 2111 ea:

274 2123 408 2154 timens
501 2125 565 2155 212
593 2123 660 2155 hoc
685 2135 776 2156 corr.
798 2124 923 2156 theclz.
1018 2126 1082 2156 214
1108 2127 1248 2166 pretum
1342 2125 1407 2156 216
1433 2124 1561 2157 ueniat

274 2178 340 2199 non
377 2169 474 2200 uideo
509 2179 572 2210 qno
609 2166 677 2201 αἶιό
715 2171 810 2201 morlo
847 2170 1000 2211 eor-myas
1037 2175 1042 2211 Ι
1079 2173 1220 2201 tantum
1257 2172 1433 2210 quantum
1469 2179 1560 2202 corr.

275 2212 402 2243 Buech.
495 2214 560 2244 218
584 2213 678 2244 Mois
770 2215 834 2247 219
862 2224 1013 2246 occasus
1045 2225 1135 2247 corr.
1162 2225 1208 2246 esc
1231 2224 1401 2246 occasum
1493 2213 1559 2245 222

273 2256 454 2289 Astianax
548 2260 612 2290 223
640 2259 795 2290 Infoclix
817 2258 823 2301 1
850 2263 884 2290 et
909 2270 998 2293 corr.
1028 2259 1151 2293 Rueck.
