1635 2522
246 135 300 177 28
696 134 1073 167 EPITHALAMIUM

330 234 388 275 Et
407 234 531 275 fauor
552 248 748 275 excussus
771 233 908 274 caueis
930 232 1185 274 circensibus
1205 232 1372 286 ingens,

265 299 309 330 90
329 290 484 331 Eleuat
504 290 654 330 elisum
675 289 846 331 direct-is
867 289 1039 330 auribus
1060 287 1196 328 audax

330 346 485 386 Electa
507 345 668 386 ceruice
691 347 817 398 caput
838 343 1130 385 tremibundus
1158 346 1200 384 et
1220 345 1336 384 artus

332 401 490 442 Pensat
516 414 594 441 nec
614 401 826 441 stabulum
848 400 968 440 fessis
989 399 1228 439 hinnitibus
1248 398 1410 452 implet,

330 457 421 498 Iam
443 470 526 510 qua
545 458 629 497 stat
648 456 811 509 pluitur
830 455 956 496 tellus
974 454 1126 495 sudore
1146 453 1316 506 furoris,

332 511 524 553 Uulnera
544 511 778 565 despiciens
801 510 1045 551 absentibus
1068 524 1142 550 ora
1162 509 1318 563 lupatis

266 576 308 607 95
328 567 493 621 Ingerit
513 570 554 607 et
575 581 730 608 uacuos
753 566 824 607 dat
843 569 941 620 post
960 565 1201 620 praesentia
1217 579 1375 606 cursus.

330 625 420 663 Aut
440 622 530 663 auis
551 622 715 664 insidiis
737 625 911 663 curuato
933 622 1091 662 uimine
1112 621 1265 674 clausa,

332 678 448 726 Quae
470 681 597 719 cantu
618 678 802 719 mulcere
824 678 932 718 solet
953 678 1029 718 sub
1051 691 1155 718 uoce
1178 691 1333 718 canora

332 734 570 775 Arboreum
590 748 667 787 per
689 736 841 774 cuncta
860 747 1010 774 nemus
1031 733 1240 786 durosque
1261 733 1428 774 labores

331 789 601 844 Agricolum,
623 790 719 830 silet
739 791 854 830 intus
874 789 1035 829 habens
1057 789 1226 842 captiua
1247 788 1436 829 dolorem

250 854 314 885 100
334 845 564 886 Libertatis
585 860 731 886 amans
753 859 874 885 auras
895 859 1201 897 nemorumque
1223 858 1425 885 cacumen

332 901 390 942 Et
409 903 522 942 tacet
542 915 666 942 omne
687 901 820 941 melos
842 900 1029 941 retinens
1051 901 1127 941 sub
1149 914 1253 941 uoce
1275 900 1441 940 silenti:

330 957 481 997 Altera
501 956 535 996 si
557 959 726 997 resonet
746 955 973 997 modulatis
995 956 1188 996 cantibus
1211 955 1309 1008 ales,

330 1012 546 1066 Ingenuos
569 1011 640 1053 dat
661 1015 784 1066 capta
804 1026 932 1052 sonos
955 1012 1073 1074 quasi
1095 1011 1247 1063 libera,
1270 1025 1453 1052 uernans

332 1067 394 1109 Ut
415 1067 611 1109 cledatur
631 1082 721 1108 auls
743 1081 860 1108 ramo
884 1068 1083 1108 cecinisse
1104 1044 1273 1119 uiicnt⁷i,

249 1131 311 1162 105
332 1123 414 1164 Illa
433 1126 577 1164 tamen
599 1124 795 1177 querulas
816 1124 965 1164 miscet
984 1123 1093 1163 male
1114 1123 1283 1177 garrula
1304 1137 1442 1164 uoceS.

332 1178 401 1221 Sic
423 1193 501 1234 ego
525 1180 718 1233 captiuus
738 1182 804 1220 tot
824 1179 944 1220 festis
965 1179 1182 1232 plausibus
1204 1181 1321 1219 actus

333 1234 532 1276 Carmina
551 1249 686 1289 pauca
706 1235 839 1276 feram
862 1235 1033 1276 delectis
1055 1236 1144 1288 ipse
1167 1235 1330 1275 duobus

331 1290 397 1332 Ex
418 1304 572 1345 genere
594 1292 816 1332 amborum
838 1291 910 1345 qui
932 1305 998 1331 me
1027 1290 1272 1331 modulante
1294 1292 1525 1332 canentur:

131 1355 168 1391 Ιν-
187 1356 230 1390 30]
331 1346 561 1387 Pontifices
583 1347 690 1388 sacri
712 1346 974 1388 Statulenius
997 1346 1257 1387 Octauianus

249 1409 313 1440 110
334 1402 525 1443 Moribus
547 1402 761 1450 innocuis,
785 1405 930 1443 sancta
951 1402 1108 1455 pietate
1129 1401 1323 1454 modesti,

331 1457 557 1512 Religione
578 1458 639 1511 pii
660 1458 785 1498 castis
806 1458 1009 1498 altaribus
1030 1458 1131 1511 apti,

333 1513 522 1561 Quorum
545 1528 650 1554 cana
670 1514 772 1554 fides
794 1528 869 1567 per
888 1528 1007 1554 sacra
1026 1513 1191 1554 Palatia
1210 1513 1376 1567 pollens

332 1568 518 1623 Floruit,
540 1584 650 1610 unus
672 1572 761 1610 erat
781 1569 957 1610 Latialis
979 1570 1180 1623 mysticus
1202 1569 1334 1623 aulae,
1377 1589 1380 1592 >

331 1625 454 1666 Alter
474 1625 585 1679 apud
601 1625 773 1666 Danaos
796 1630 958 1666 sacrata
978 1628 1120 1666 mente
1141 1625 1324 1666 dicatus:

248 1688 311 1719 115
335 1680 524 1729 Quorum
541 1682 713 1736 sanguis
731 1681 860 1733 adest,
876 1696 981 1735 quos
995 1682 1138 1722 omina
1149 1681 1289 1722 fausta
1304 1681 1526 1724 iuuabunt.

331 1736 397 1777 Ex
417 1736 496 1778 hac
518 1737 722 1792 progenie
744 1715 899 1778 iunctis
922 1740 964 1778 et
984 1741 1110 1791 gente
1131 1740 1278 1792 togata

333 1792 543 1848 Coniugio
566 1794 641 1834 tali
664 1807 880 1847 speremus
901 1793 1078 1834 numina
1098 1795 1226 1834 nasci.

330 1847 443 1889 Nam
464 1849 569 1890 mihi
592 1864 675 1903 quo
698 1852 847 1890 teneor
868 1863 957 1890 non
979 1852 1042 1890 est
1063 1849 1184 1890 dolor
1204 1849 1310 1889 alter
1331 1849 1505 1891 acerbus

333 1903 468 1967 Quam
490 1905 602 1958 quod
623 1905 735 1959 apud
754 1905 860 1946 tales
883 1905 1042 1946 obliuio
1064 1905 1194 1960 longa
1215 1908 1406 1946 moratur

248 1968 312 1998 120
333 1959 533 2002 Nominis
554 1961 721 2002 inclusi.
764 1961 836 2002 sed
858 1961 891 2002 si
913 1976 980 2002 me
1002 1962 1186 2002 claustra
1206 1961 1392 2016 fatigant

339 2086 396 2115 101
427 2086 586 2117 reticens
605 2097 694 2117 corr.
715 2086 842 2117 Bnecll.
915 2087 977 2117 107
1003 2086 1059 2127 ipe
1132 2087 1193 2118 109
1218 2085 1448 2127 Optauianus
1465 2087 1531 2120 nisi

244 2134 402 2169 praestat
419 2131 641 2171 Optatianus
715 2132 776 2162 110
801 2131 877 2161 inde
902 2131 942 2161 ab
967 2131 1028 2162 leoc
1053 2141 1152 2162 uersu
1177 2133 1286 2163 nostri
1310 2132 1437 2162 numeri
1458 2141 1530 2163 cum

247 2175 296 2204 eis
314 2184 396 2215 qnos
413 2177 445 2205 1'11
470 2175 555 2206 libro
573 2176 767 2216 adscriptos·
785 2176 878 2206 uides
897 2186 959 2206 non
985 2180 1181 2217 conyrnunt,
1208 2187 1277 2207 cnm
1298 2177 1379 2207 miro
1395 2175 1529 2208 scribae

246 2219 342 2259 lapsu
364 2219 488 2259 saelum
513 2221 557 2251 sil
582 2225 614 2250 nt
643 2222 704 2252 120
730 2231 893 2251 numerum
919 2220 992 2251 huic
1022 2222 1135 2251 uer-sui
1158 2225 1389 2261 praeponeret
1465 2221 1529 2252 112

246 2262 407 2294 Pallatia
480 2266 542 2296 113
561 2265 724 2296 misticus
798 2267 858 2297 115
877 2265 995 2296 omnia
1014 2276 1104 2297 corr.
1123 2264 1251 2297 Bacch.
1326 2267 1387 2298 116
1412 2265 1530 2308 togati

246 2318 336 2340 corr.
358 2308 481 2342 Bacch.
555 2311 617 2342 118
643 2310 737 2350 quod
764 2314 892 2341 teneor
917 2320 986 2341 non
1014 2310 1113 2342 dolor
1139 2309 1232 2342 alter
1259 2319 1413 2342 acernus
