1635 2522
624 150 939 184 SATISFAcno
1371 149 1425 191 89

234 251 426 294 Deuorat
445 249 639 305 egregios
660 249 825 304 ingenti
847 262 1022 302 corpore
1043 250 1200 302 tauros,

291 306 350 348 Et
369 306 542 360 rapiunt
562 305 729 360 aquilae
751 303 970 358 splendida
990 303 1180 345 membra
1200 303 1338 357 pedes.

234 362 322 404 Dat
342 361 471 404 semel
492 362 624 403 iratus
645 360 814 402 ueniam
836 363 933 414 post
953 359 1133 401 uulnera
1153 359 1307 413 pardus

291 417 333 460 N
336 432 382 459 ec
404 417 578 459 reduces
600 430 765 458 morsus
787 416 858 457 (lat
878 415 1046 457 feritate
1068 416 1151 469 pia.

151 482 217 515 275
240 473 433 528 Despicit
453 473 575 514 irasci
603 472 844 526 pastoribus
865 472 1026 525 optima
1046 471 1182 526 tigris,

293 529 487 584 Despicit
507 531 549 570 et
568 528 704 582 talpas
726 528 943 568 flammeus
965 541 1037 568 ore
1059 527 1198 568 draco.

235 585 436 627 Fulmina
455 599 544 626 non
564 584 725 625 feriunt
746 583 959 637 reptantia
979 583 1173 638 gramina
1194 582 1317 624 terris

292 640 383 682 Nec
404 640 590 682 modicas
619 639 768 680 salices
789 639 959 680 flamma
979 639 1154 679 trisulca
1173 641 1345 691 cremat,

237 695 320 739 Sed
339 696 500 737 feriunt
520 695 651 737 celsas
671 695 888 749 pulsantes
908 694 1055 735 nubila
1076 693 1221 735 cedros

152 760 219 793 280
294 751 353 793 Et
371 754 537 793 montes
558 753 701 792 uastos
722 750 916 804 proxima
936 764 1035 790 saxa
1055 749 1168 803 polo.

238 807 392 850 Sontes
413 810 636 862 peccantes
657 809 826 848 tantum
847 820 922 847 sua
943 805 1067 859 culpa
1087 805 1261 860 fatigat:

292 863 402 905 Ecce
424 863 551 905 etiam
572 863 762 903 insontes
783 862 912 903 noxia
933 876 1072 915 poena
1091 861 1209 915 petit.

237 918 283 961 Si
315 919 404 974 ipse
439 932 518 974 ego
555 918 750 973 peccaui,
787 932 995 972 quaenam
1025 922 1106 970 est,
1145 930 1271 971 rogo,
1308 915 1432 969 culpa

1094 986 1297 1014 meorum.

298 1029 412 1079 Quos
432 1030 558 1072 simul
579 1030 767 1084 exagitat
786 1029 922 1084 frigus
945 1029 1152 1083 inopsque
1174 1027 1338 1069 fames?

154 1094 220 1126 285
240 1085 416 1128 Diluuio
438 1086 601 1141 periere
622 1086 683 1126 rei
704 1086 795 1126 sine
817 1085 932 1126 clade
954 1085 1135 1139 piorum,

296 1141 409 1184 Loth
428 1142 566 1184 bonus
588 1144 630 1183 et
650 1142 785 1183 iustus
806 1141 973 1182 tollitur
993 1155 1043 1181 ex
1066 1139 1273 1182 Sodomis.

239 1196 284 1240 Si
305 1212 394 1239 non
415 1198 591 1239 humani
613 1197 781 1252 generis
801 1199 974 1251 peccata
993 1197 1186 1248 fuissent,

294 1253 418 1295 Unde
438 1254 557 1308 pium
577 1267 735 1294 nomen
756 1255 899 1307 posset
918 1252 1074 1293 habere
1096 1251 1226 1293 deus?

241 1308 323 1352 Sed
344 1310 444 1364 quia
464 1309 537 1350 dat
557 1309 727 1350 ueniam
748 1308 919 1363 populis
939 1311 1113 1362 peccata
1133 1308 1338 1361 relaxans,

155 1373 222 1404 290
298 1365 379 1407 Per
399 1365 570 1420 pietatis
593 1379 698 1419 opus
719 1378 876 1406 nomen
896 1364 1026 1405 habet
1045 1363 1269 1418 placidum.

242 1420 287 1463 Si
310 1422 478 1463 ueniam
498 1421 630 1462 frater
650 1420 771 1461 fratri
794 1421 950 1461 donare
972 1419 1152 1472 iubetur,

298 1476 409 1526 Quid
429 1491 502 1518 rex
524 1477 722 1518 subiectis
744 1479 786 1517 et
807 1476 1003 1518 dominus
1025 1475 1225 1516 famulis?

241 1531 286 1575 Si
307 1533 429 1574 iustis
451 1533 583 1574 solem
606 1532 803 1574 dominus
823 1532 1075 1586 pluuiasque
1097 1531 1280 1572 dedisset

297 1588 387 1630 Nec
409 1590 526 1630 daret
546 1589 727 1642 iniustis,
750 1602 857 1642 quae
878 1587 1019 1628 fuerat
1038 1587 1173 1641 pietas
1186 1586 1207 1627 ‘r‘

156 1652 222 1684 295
242 1644 343 1687 Non
365 1645 531 1699 quaerit
551 1644 719 1686 ueniam
743 1644 815 1699 qui
836 1644 898 1684 nil
917 1657 1111 1698 peccasse
1133 1643 1349 1697 probatur,

297 1700 453 1742 Nonne
475 1715 626 1741 manus
647 1700 798 1741 medici
820 1699 1023 1754 languida
1043 1700 1232 1740 membra
1252 1696 1436 1752 petunt?

241 1755 462 1798 Materiem
484 1756 619 1797 laudis
635 1756 810 1810 praebet
831 1756 907 1796 tibi
929 1755 1054 1809 culpa
1074 1769 1243 1796 reorum

298 1811 357 1853 Et
376 1812 525 1854 titulos
547 1812 682 1853 famae
704 1812 776 1852 dat
799 1811 970 1865 pietatis
992 1825 1112 1865 opus.

243 1867 424 1909 Inclitus
445 1868 718 1921 armipotens,
740 1870 905 1908 uestrae
922 1867 1094 1921 pietatis
1116 1866 1236 1920 origo

157 1931 224 1963 300
302 1923 360 1964 Et
381 1923 529 1965 doctus
551 1923 678 1977 genio
700 1923 877 1977 pronior
897 1922 950 1963 ad
971 1923 1141 1963 ueniam

244 1984 255 2003 ‘
269 1979 371 2021 Non
393 1979 558 2021 homini
580 1979 779 2034 ignosco'
803 1978 909 2020 dixit
930 1977 1027 2019 ‘sed
1047 1978 1195 2032 lingua
1210 1979 1418 2018 meretur'
1431 1991 1440 2017 :

249 2149 314 2181 272
344 2148 544 2181 membrida
568 2149 655 2180 unde
686 2148 838 2180 nebrida
869 2148 1002 2180 uerbum
1025 2157 1170 2189 prorsus
1201 2149 1344 2188 iynolnm
1370 2145 1443 2186 effi-

157 2194 270 2226 ciendi
291 2194 456 2226 licentiam
472 2194 537 2226 sibi
550 2194 878 2234 sumpsitAreualus.
913 2192 1105 2234 splendida
1121 2193 1299 2233 proposuit
1319 2190 1442 2224 Bueclz.

158 2243 304 2271 ceterum
334 2243 435 2272 totum
464 2239 526 2270 hoc
556 2238 791 2271 hemistichium
822 2239 996 2270 addidisse
1026 2238 1160 2269 uidetur
1184 2248 1268 2270 man.
1293 2245 1362 2267 ree.

157 2283 224 2316 2⁷7
248 2282 417 2316 Flumina
445 2294 536 2316 corr.
565 2284 734 2315 Areualus
764 2283 808 2323 cf.
836 2283 867 2314 V
892 2284 956 2315 312
1064 2283 1130 2314 300
1158 2282 1249 2313 inter
1280 2281 1386 2322 genio
1411 2283 1444 2311 et

157 2325 306 2371 pronior
329 2330 469 2370 amplius
491 2329 637 2370 spatium
