1635 2522
608 101 641 133 x
669 103 842 136 xeo-182
1306 105 1363 147 65

170 200 392 255 Adprobet
411 199 490 242 hos
511 214 632 242 arcus
653 200 848 242 dominae
875 201 970 255 plus
989 216 1112 255 posse
1134 203 1358 257 pharetris.

169 254 366 310 Namque
387 255 527 297 Diana
546 256 676 309 feras,
698 270 845 298 ceruos
866 260 908 298 et
929 257 1057 311 figere
1079 258 1266 300 dammas

87 318 152 351 155
167 311 365 354 Adsolet:
396 311 478 353 hoc
498 311 630 353 telum
650 325 770 367 reges
791 315 833 354 et
852 313 1029 354 numina
1049 313 1154 368 figit.
1168 318 1177 334 '

173 365 384 416 Quattuor
403 368 565 409 interea
585 367 731 409 niueas
752 367 916 409 adstare
937 368 1151 410 columbas

174 421 326 478 Cypris
346 437 526 465 amoena
544 423 681 477 iubet,
707 417 838 465 roseis
858 423 1081 465 frenantur
1100 425 1266 478 abenis,

174 478 364 521 Candida
382 479 572 533 puniceis
594 479 832 521 subduntur
852 479 961 520 colla
986 480 1156 533 rosetis,

29 580 33 589 ¹
58 587 62 590 γ
171 533 283 576 Nam
298 535 398 590 iuga
411 537 511 576 sunt
520 538 738 588 compacta
754 535 874 589 rosis,
890 535 974 576 fert
982 535 1129 577 dextra
1143 536 1359 591 flagellum

89 598 155 630 160
173 589 369 645 Purpura
389 591 502 644 quod
522 589 662 631 mollis
683 591 823 632 tenuis
844 590 958 645 quod
979 592 1135 633 sericus
1157 595 1292 634 ornat.

171 645 264 687 Iam
284 645 458 687 uolucer
477 645 724 687 conscendit
744 660 842 687 aues
864 650 906 687 et
929 646 1084 688 blanda
1106 647 1302 701 uoluptas

169 701 211 742 It
230 715 382 753 comes,
407 701 625 755 amplexus
641 701 833 754 ueniunt,
855 701 1125 755 Hymenaeus
1146 702 1358 756 adhaeret,

170 755 335 798 Gaudia
355 760 633 810 concurrunt,
655 757 763 798 risus
784 761 910 811 atque
933 758 1076 799 oscula
1095 762 1293 813 pergunt.

16 842 20 845 Δ
169 812 282 854 Nam
302 813 403 854 licet
420 812 575 854 Idalias
596 813 799 854 sociarint
819 813 941 854 frena
960 813 1177 856 columbas

21 908 26 914 ,
86 876 151 908 165
166 867 226 910 Et
244 869 412 910 iunctae
433 883 508 923 per
529 872 679 910 cuncta
700 868 868 921 uolent,
898 873 1042 910 tamen
1070 870 1252 925 impiger
1272 871 1358 913 ales

103 944 108 948 ·
167 923 294 966 Nunc
314 923 424 965 hanc
444 938 557 965 nunc
579 924 696 966 illam
717 924 872 966 residet
891 925 1130 979 gaudetque
1152 926 1314 981 iugales

167 979 259 1022 Iam
278 980 467 1021 releuare
488 994 584 1021 suas
605 984 647 1021 et
667 995 710 1021 se
731 994 908 1034 pensare
929 980 1088 1022 uolatu.

170 1035 391 1078 Sublatum
413 1036 597 1090 propriis
617 1037 823 1090 persentit
843 1037 889 1077 in
909 1050 1007 1077 aera
1026 1037 1170 1090 pinnis

29 1137 43 1146 β
169 1091 377 1147 Aurigam
398 1092 604 1147 quadriga
626 1092 797 1144 uolans,
820 1093 1057 1146 iterumque
1079 1093 1296 1134 columbas

87 1154 152 1186 170
168 1147 346 1202 Adpetit
366 1150 408 1188 et
427 1147 637 1201 pharetris
659 1148 836 1189 conlidit
855 1148 979 1189 dorsa
1000 1148 1232 1190 uolantum.

167 1203 370 1245 Nondum
391 1218 466 1257 per
481 1202 699 1257 Scythicas
719 1204 876 1259 glacies
889 1206 972 1245 stat
993 1204 1171 1245 barbara
1188 1204 1358 1246 Colchis

168 1258 243 1301 Set
261 1259 345 1300 iam
366 1259 515 1300 bruma
534 1259 678 1314 rigens
700 1259 848 1301 Arctoi
868 1259 1030 1301 tristior
1051 1260 1141 1301 axis

168 1315 383 1369 Torpebat
402 1318 596 1356 concreta
616 1315 733 1370 gelu,
755 1316 789 1357 it
809 1315 1009 1370 pinniger
1030 1315 1188 1368 audax,

167 1370 225 1412 Et
244 1371 381 1426 magis
402 1385 570 1412 accessu
590 1372 710 1425 pueri
731 1371 858 1425 plaga
878 1374 1039 1412 maesta
1060 1376 1227 1413 serenat

87 1433 151 1465 175
167 1426 414 1468 Aduentum
434 1429 588 1468 testata
609 1426 695 1480 dei,
720 1442 819 1468 mox
839 1430 950 1468 tetra
969 1427 1174 1482 fugantur

167 1481 344 1534 Nubila,
366 1482 580 1524 caeruleos
602 1482 785 1524 excludit
806 1482 1041 1538 flammiger
1061 1483 1229 1525 imbres.

167 1537 307 1592 Impia
326 1539 409 1579 iam
432 1538 602 1580 Colchis
624 1539 709 1580 iam
730 1539 897 1580 saeuior
917 1553 989 1579 ara
1009 1538 1172 1580 Dianae

169 1593 380 1648 Coeperat
400 1593 585 1647 ostendi,
607 1594 690 1635 iam
712 1597 813 1635 tunc
833 1594 1060 1636 mandante
1081 1598 1263 1649 tyranno

166 1649 277 1691 Ecce
297 1649 544 1691 trahebatur
565 1664 640 1691 ceu
662 1653 807 1691 taurus
827 1651 1004 1704 pulcher
1026 1650 1171 1703 Iason,

86 1713 152 1745 180
170 1705 304 1754 Quem
325 1706 515 1760 sequitur
535 1705 683 1747 Medea
704 1720 862 1747 nocens
883 1710 1120 1761 urguetque
1141 1707 1359 1748 ministros

169 1761 340 1803 Nudato
362 1775 563 1802 mucrone
584 1761 742 1803 furens.
783 1762 956 1803 delubra
977 1762 1176 1803 subibant

169 1816 344 1872 Iamque
365 1818 710 1872 propinquabant
732 1819 827 1859 aris,
869 1818 939 1859 sed
961 1833 1119 1859 numen
1140 1822 1358 1860 amantum
1378 1838 1418 1868 [P.
1438 1835 1484 1868 83]

174 2009 238 2041 154
263 2008 413 2051 effigere
439 2019 529 2040 corr.
559 2009 682 2040 Bueclz.
759 2011 819 2040 161
847 2019 934 2041 aues
959 2020 1048 2041 corr.
1074 2020 1120 2041 ea:
1146 2010 1225 2041 auis
1298 2011 1360 2041 165

83 2053 246 2085 uinctae.
293 2053 439 2090 iunctae
459 2065 479 2096 γ
576 2054 638 2084 167
664 2053 825 2086 uolatum
852 2065 941 2086 corr.
968 2054 1093 2086 Bueelz.
1190 2055 1253 2086 170
1277 2063 1360 2086 con-

81 2096 195 2130 cludit
218 2108 308 2130 corr.
336 2097 462 2130 Buech.
558 2099 620 2129 172
645 2098 693 2129 Et
717 2098 788 2130 iam
815 2110 903 2131 corr.
932 2098 1057 2130 Bueclz.
1145 2099 1207 2131 173
1233 2102 1360 2130 coacta.

84 2141 167 2185 gelu
197 2147 235 2174 et
265 2153 355 2177 corr.
383 2143 507 2175 Bueclz.
626 2145 688 2175 177
719 2148 795 2176 ante
823 2143 968 2176 Colchis
1000 2145 1119 2176 literae
1150 2145 1359 2185 conspiciun-

85 2192 140 2219 tur·
168 2187 258 2220 coch
287 2189 351 2220 sed
379 2189 500 2220 lineola
534 2188 676 2221 obducta
708 2189 838 2220 deletae
950 2190 1012 2220 179
1044 2193 1238 2220 centaurus
1268 2199 1358 2222 corr.

82 2231 214 2264 Bueclz.
320 2232 382 2265 180
412 2233 600 2265 ministras
630 2243 719 2265 corr.
747 2233 872 2265 Buecle.
905 2233 949 2273 cs.
982 2245 1011 2264 ιι.
1038 2235 1104 2264 261
1213 2233 1275 2265 182
1306 2233 1358 2264 sic

81 2286 171 2308 eor-r.
199 2275 324 2309 Buech.

152 2336 326 2362 Ducorm
345 2337 492 2365 carmina.
1070 2335 1089 2365 5
