1635 2522
209 100 266 142 90
693 98 1010 135 SATISFACTIO

349 200 432 241 Hic
452 215 548 242 reus
570 203 612 242 et
632 200 780 242 doctus
801 199 1076 243 Uincemalos
1095 201 1247 244 fuerat.

293 256 394 297 Non
414 256 588 297 laedunt
609 256 762 298 delicta
781 256 926 310 deum,
948 257 1020 298 sed
1041 257 1221 299 laeditur
1240 261 1390 300 auctor

349 311 407 352 Ni
428 314 600 365 peccata
621 312 767 353 dolens
787 312 1005 366 paeniteat
1025 313 1206 354 sceleris.

209 375 274 406 305
297 366 377 415 Qui
399 368 536 420 poscit
556 367 635 408 hac
655 368 748 423 lege
770 367 894 409 deum
915 371 963 409 ut
981 371 1157 422 peccata
1176 369 1348 423 relaxet,

350 422 489 464 Debet
510 426 552 464 et
571 423 661 477 ipse
682 438 758 465 suo
780 438 951 477 parcere
972 424 1129 478 ubique
1151 439 1237 466 reo.

293 477 394 519 Non
415 479 544 520 semel
564 479 730 534 ignosci
751 479 857 520 dixit
877 480 945 520 lex
966 483 1110 521 sancta
1129 484 1305 534 reatum,

352 534 432 575 Sed
453 535 651 588 quotiens
672 536 796 589 culpa
816 538 880 576 est
900 535 955 576 sit
974 536 1131 577 totiens
1152 537 1292 577 uenia.

294 589 444 630 Dicam
465 591 664 646 regnanti
686 591 858 632 domino
879 591 951 644 pia
970 592 1101 633 uerba
1120 592 1373 646 prophetae:

209 654 275 685 310
353 645 468 687 ‘Etsi
488 647 662 700 peccaui
683 661 776 688 sum
796 650 939 688 tamen
959 648 1049 701 ipse
1070 651 1196 689 tuus’.

296 701 363 742 Da
383 703 566 756 ueniam,
588 704 785 743 miserere
806 716 968 756 precor,
991 717 1185 744 succurre
1206 703 1390 758 roganti,

350 757 538 799 Pristina
558 758 776 799 sufficiant
795 760 972 799 uerbera
994 759 1135 800 uincla
1157 760 1302 800 fames.

295 811 510 854 Sessorem
532 814 631 854 dum
654 814 789 867 carpit
809 814 890 855 iter
911 815 946 855 si
967 829 1122 856 cornea
1142 815 1316 869 pulsans

351 868 526 923 Ungula
547 870 764 910 concutiat
785 870 1142 924 quadrupedantis
1165 871 1274 924 equi,

211 932 277 963 315
299 923 487 965 Uei-bere
509 926 737 980 corrigitur
758 926 882 979 culpa
901 926 1114 980 plectente
1135 927 1328 981 flagello:

350 980 452 1022 Non
473 981 599 1022 simul
620 981 772 1023 abscisi
794 995 915 1022 crura
935 981 1146 1036 pedesque
1167 983 1319 1024 iacent.

358 1082 548 1136 Explicit
572 1082 811 1125 satisfactio
839 1084 1059 1126 Dracontii
1085 1083 1139 1125 ad
1159 1084 1414 1126 Guthamun-

299 1139 394 1182 dum
425 1152 565 1195 regem
592 1141 903 1184 Guandalorum
929 1141 1025 1184 dum
1051 1144 1162 1184 esset
1186 1143 1231 1185 in
1256 1142 1454 1185 uinculis.

299 1268 364 1298 302
390 1266 506 1300 Uinco
531 1269 646 1300 malos
672 1270 739 1301 uid.
767 1270 906 1301 indicem
924 1269 1157 1301 Uincomalus
1176 1270 1347 1301 Areualus
1427 1269 1491 1301 307

209 1311 254 1347 cf'.
281 1311 404 1343 Matcle.
431 1313 472 1344 18
497 1323 536 1347 21.
557 1324 589 1348 22
619 1315 702 1345 Luc.
731 1315 770 1345 17
796 1324 821 1349 3.
838 1324 855 1347 4
946 1315 1010 1346 310
1041 1311 1140 1355 Etsi]
1173 1317 1210 1345 et
1241 1313 1378 1345 deleuit
1406 1324 1493 1345 man.

210 1366 278 1387 ree.
309 1357 353 1396 ef.
384 1357 538 1398 Sapient.
567 1360 608 1390 15
633 1368 648 1392 2
751 1360 815 1390 313
845 1363 924 1399 post
955 1359 987 1389 si
1019 1360 1144 1400 exigua
1174 1360 1277 1390 litura
1303 1359 1309 1400 Ι
1336 1357 1492 1401 palpans

208 1411 297 1435 cor-r.
316 1402 485 1434 Areualus
569 1405 634 1435 316
660 1403 814 1435 abscissi
840 1404 1009 1435 Areuatus
1099 1403 1252 1435 Celerum
1275 1405 1408 1436 ultimae
1429 1414 1493 1445 pa·

207 1447 307 1487 ¹qz'mzre
333 1448 409 1478 inde
434 1459 455 1479 a
479 1458 579 1479 uersu
597 1449 660 1480 307
691 1449 812 1480 literae
833 1449 960 1489 partim
977 1449 1141 1480 euanidae
1166 1449 1304 1489 difficile
1329 1450 1492 1489 leyuntur.
