1635 2522
577 129 633 162 111
661 131 712 162 19.
737 131 781 163 ‘20
819 129 868 162 IV
895 131 1003 163 1-—53
1401 129 1427 170 9

235 227 369 270 Sibila
388 227 615 269 uibrabant
635 228 794 283 linguis
819 229 871 270 ab
893 227 1017 270 dente
1038 228 1236 270 trisulcis.

235 283 391 326 Terror
411 286 501 325 erat
520 284 636 325 uisus
658 284 821 325 cunctis
841 284 1090 338 sonitusque
1111 283 1365 326 draconum:

169 347 212 380 25
234 339 350 389 Quos
370 339 566 380 manibus
586 339 727 380 ridens
749 340 975 394 compressi
995 340 1199 394 paruulus
1221 340 1380 382 ambos.

233 394 292 437 Hi
312 395 498 437 tribuere
517 395 623 436 mihi
642 395 827 449 primum
848 410 924 449 pro
946 399 1082 437 morte
1102 395 1387 450 triumphum,
1444 408 1485 439 [1›·
1503 408 1533 439 9]

233 451 293 492 Et
311 451 462 504 letum,
483 465 571 493 non
592 451 767 504 praeda,
789 451 851 492 fui
872 451 1049 492 Iunonis
1070 451 1266 493 alumnis.

233 506 391 549 Hostes
412 506 554 548 deesse
574 507 681 547 mihi
701 506 785 548 dixi
806 510 904 562 post
925 507 1036 548 bella
1056 507 1212 560 leonis,

236 561 372 611 Quem
394 562 514 603 nullo
537 576 738 603 mucrone
759 563 848 616 peti
870 577 947 604 nec
969 563 1157 604 uestibus
1179 563 1278 604 ullis

170 626 214 658 30
233 618 432 672 Implicui
451 617 585 658 fretus
606 618 821 671 manibus,
843 633 921 660 nec
942 633 1113 660 maurus
1134 619 1186 659 ad
1207 619 1343 660 illum.

236 673 366 716 Cuius
387 673 497 727 pelle
517 676 653 728 tegor.
693 688 808 715 nunc
828 674 997 715 fortiter
1017 689 1111 715 ecce
1133 675 1354 716 tabescens

235 728 380 771 Tertia
402 728 512 770 bella
531 742 633 784 gero
655 743 761 783 quae
783 729 929 771 caedes
950 744 1073 784 passa
1094 733 1334 785 resurgunt.

234 784 305 826 En
323 785 483 826 totiens
504 799 704 839 percussa
723 785 813 826 lues
834 786 971 840 magis
992 786 1134 827 extitit
1154 786 1305 827 ardens

235 840 294 882 Et
313 855 532 895 nunquam
554 840 781 882 sternenda
802 842 932 883 uenit.
974 856 1051 895 pro
1072 842 1162 883 fata
1182 841 1380 883 nefanda.

55 918 57 921 ·
102 944 108 948 Ι
169 905 213 936 35
234 895 418 938 Uincere
438 896 559 950 peius
580 896 678 950 erit,
700 898 884 950 propriis
905 912 1005 938 nam
1025 897 1188 939 uiribus
1208 898 1298 952 ipse

234 952 485 1007 Impugnor.
527 966 676 993 saeuos
698 953 863 1007 gladius
884 953 989 994 mihi
1010 953 1202 1008 suggerit
1231 953 1387 1006 hostis,

235 1007 338 1050 Non
357 1008 470 1062 rapit
490 1021 584 1049 ecce
605 1022 741 1060 meos,
764 1009 835 1050 sed
857 1010 1019 1063 proelia
1040 1010 1153 1050 uicta
1173 1009 1391 1050 reformat.

235 1063 332 1106 Huc
346 1065 586 1118 quicunque
600 1063 702 1105 deus
717 1064 849 1106 frater
862 1064 967 1105 mihi
984 1079 1171 1106 summus
1185 1064 1368 1119 Olympo
1386 1079 1430 1106 es

236 1119 333 1161 Huc
353 1119 452 1160 ades
473 1122 516 1160 et
535 1120 678 1161 miseri
699 1120 870 1162 tandem
892 1135 1087 1162 succurre
1108 1121 1290 1175 periclis.

170 1183 215 1215 40
235 1174 318 1218 Sed
339 1189 495 1229 quaeso
517 1175 664 1218 uenias
685 1176 852 1218 soboles
873 1179 921 1217 ut
940 1177 1059 1217 nulla
1078 1191 1310 1229 nouercae,

238 1230 442 1280 Quamuis
463 1231 519 1272 sis
539 1232 683 1272 frater.
725 1232 809 1273 iam
830 1235 876 1274 tu
898 1246 1093 1274 succurre
1115 1231 1312 1274 Minerua

236 1286 523 1341 Bellipotens,
544 1287 706 1341 patrius
728 1289 795 1329 cui
817 1288 976 1329 casside
998 1289 1189 1343 fulgurat
1209 1289 1355 1342 ardor,

239 1342 355 1391 Quae
376 1343 512 1397 clipeo
535 1343 737 1385 rutilante
764 1347 906 1397 tonas,
936 1359 1043 1398 quae
1065 1345 1248 1385 fulmina
1268 1343 1432 1398 uibras‚

237 1398 414 1440 Pectore
436 1399 607 1440 saxifico
631 1400 698 1440 cui
718 1400 876 1441 militat
895 1400 1028 1454 impia
1049 1399 1240 1454 Gorgon.

170 1462 214 1493 45
235 1454 495 1496 Intemerata
515 1468 636 1496 soror
658 1455 707 1496 de
729 1456 888 1498 uertice
910 1457 1039 1497 missa
1059 1455 1286 1509 Tonantis,

237 1509 391 1552 Sudori
411 1524 606 1551 succurre
627 1525 735 1552 meo.
777 1511 930 1565 quibus
951 1512 1112 1553 artibus
1133 1525 1294 1566 angues

236 1565 520 1621 Extinguam,
546 1566 619 1620 qui
640 1569 791 1620 sponte
814 1571 969 1621 petunt
988 1568 1202 1609 mucronis
1223 1565 1433 1609 acumen?

238 1620 300 1663 Ut
313 1625 509 1663 crescunt
523 1622 794 1676 gaudentque
816 1624 925 1665 mori
939 1624 1030 1664 fera
1045 1622 1173 1664 corda
1187 1623 1432 1665 draconum.

238 1677 371 1719 Caesa
391 1678 559 1732 uigent,
584 1677 691 1718 alter
711 1679 848 1733 surgit
868 1678 918 1720 de
939 1679 1116 1720 uulnere
1137 1694 1322 1733 serpens.

171 1741 217 1772 50
239 1732 475 1775 Consilium
496 1733 602 1774 mihi
623 1734 746 1788 uirgo
770 1734 903 1775 dedit:
933 1735 1034 1788 quia
1053 1749 1200 1777 mucro
1222 1735 1388 1776 laborat

236 1789 477 1842 Incassum,
499 1788 640 1844 gelida
661 1789 841 1831 flammis
863 1805 990 1832 exure
1012 1805 1179 1832 uenena

237 1844 296 1886 Et
314 1848 526 1898 praestem
541 1859 637 1886 cum
657 1848 794 1887 morte
809 1860 950 1902 rogOS,
973 1850 1100 1901 caput
1116 1861 1242 1888 omne
1261 1850 1435 1901 perurat

237 1900 357 1955 I'gnis
411 1900 515 1942 edax
575 1915 818 1957 anguesque
873 1906 1062 1944 crement
1104 1906 1203 1956 post
1254 1903 1435 1944 uulnera

1097 1959 1304 2000 flammae.

245 2127 288 2157 24
318 2125 447 2158 Terrot
549 2127 591 2157 ‘27
623 2126 736 2168 preda
843 2129 887 2160 30
918 2138 1064 2160 maurus
1095 2130 1309 2170 corruptelae
1338 2129 1434 2170 siyno

153 2174 292 2204 notatur
396 2173 438 2204 31
470 2171 663 2203 tabescent
690 2171 816 2204 Buedz.
845 2176 931 2207 coni.
959 2173 1153 2205 labascens
1260 2175 1302 2206 33
1328 2173 1433 2205 luens

153 2217 197 2250 36
222 2215 365 2257 gladios
391 2226 481 2248 corr.
499 2215 626 2248 Buech.
707 2217 750 2249 38
776 2217 842 2249 hoc
863 2217 866 2237 ’
886 2220 993 2259 pater
1010 2218 1096 2250 mihi
1113 2227 1272 2250 summus
1290 2217 1434 2259 olympo

154 2270 194 2294 es
217 2270 310 2293 corr.
337 2260 463 2293 Bueeh.
557 2262 602 2294 40
630 2271 742 2302 queso
835 2264 875 2294 51
911 2264 953 2295 In
984 2273 1108 2295 casum
1201 2263 1242 2294 52
1274 2267 1432 2304 prestem

154 2305 292 2338 delendi
311 2307 407 2348 359710
432 2316 448 2337 r
471 2306 573 2338 litera
596 2311 713 2339 notata
803 2311 883 2349 pos!
906 2310 949 2340 53
973 2309 1095 2349 leyitur
1125 2303 1241 2345 Τέλος
