1635 2522
659 133 825 167 mnnx.
1327 139 1382 180 95

120 234 243 269 Locus
269 233 377 266 etiam
397 242 435 264 re
453 235 556 264 tanta
575 232 705 275 dignus

120 280 159 311 in
182 279 270 311 urbe
294 277 412 309 media
434 282 650 319 procuratur
673 283 706 309 et

120 324 199 357 ibid.
229 321 366 354 XXXV
402 321 455 363 (p.
487 322 592 362 689);
634 321 704 354 Sed

118 366 296 410 quomodo
338 366 500 398 dicamus
533 366 704 398 iniuriam

118 411 261 454 quando
293 411 330 442 in
361 414 434 443 tam
471 411 633 453 spatioso
667 416 704 443 et

117 455 240 489 lucido
272 459 308 488 et
346 456 581 495 refrigeranti
621 455 701 488 loco

117 511 183 533 nos
213 501 329 533 fuisse
362 501 574 532 recolimus?
611 500 702 540 Quae

117 547 160 578 de
196 548 271 578 loco
301 555 364 588 quo
393 546 523 584 fuerint
553 545 701 577 thermae

119 590 337 632 Garqilt'anae
362 590 581 630 Franco‘qalli
610 591 700 622 ario-

116 637 179 668 lati
192 639 268 667 sunt
284 635 433 667 inuenies
449 635 544 675 apud
561 634 699 667 Dureau

116 681 159 713 de
183 682 216 712 la
230 679 336 712 Malle
360 678 559 710 recherches
582 689 642 710 sur
666 681 699 710 Ia

114 724 341 767 topoyraphie
380 725 421 756 de
455 723 624 764 Cartlzaye
663 734 696 763 p.

115 771 183 800 207
197 779 249 811 sq.
281 768 320 800 V.
342 768 465 800 Gue'riu
491 778 615 809 voyage
640 778 699 799 ar-

113 813 330 856 che‘oloyique
367 815 453 845 dans
485 815 517 844 Ia
555 814 698 855 reyence

114 859 157 890 de
186 858 287 890 Tanis
317 857 339 889 l
365 866 401 897 p.
427 859 483 889 63.
515 858 559 897 cf.
586 857 699 889 Barth

121 903 385 945 Wanderunyen
416 902 521 934 durch
545 903 608 933 das
636 910 698 941 pu-

101 948 227 980 'm'sche
251 949 319 979 und
339 947 582 986 leyrenaeisclze
610 947 698 979 Kue-

112 994 270 1025 stenland
289 1000 326 1031 p.
352 993 395 1024 98

91 1034 341 1080 (Gensericus)
368 1037 428 1069 aui
445 1040 485 1067 ut
503 1035 627 1068 laudes
645 1036 697 1067 di-

113 1091 193 1114 cam
226 1081 300 1114 Sat.
327 1083 367 1114 51
402 1081 556 1113 Inclitus
590 1081 697 1112 armi-

112 1130 242 1169 potens
258 1130 407 1158 uestrae
427 1125 578 1168 pietatis
597 1126 698 1168 origo

114 1175 152 1204 et
176 1171 322 1210 doctus,
348 1172 454 1213 genio
481 1172 626 1212 pronior
653 1171 697 1202 ad

113 1216 261 1248 ueniam
286 1215 359 1248 Sal.
385 1217 451 1247 299

90 1260 226 1294 Glauce
253 1260 285 1292 X
309 1261 374 1293 369
391 1261 456 1292 447
483 1259 646 1292 Glaueae
664 1259 697 1290 X

110 1307 179 1338 494
202 1304 368 1338 Glaucen
394 1305 425 1336 X
450 1305 516 1336 426

88 1347 291 1383 *Gnossius
316 1349 618 1382 Rhadamanthus
643 1349 694 1382 IX

87 1439 291 1516 ἱῗεῖἷῖυἷῆῗζ
294 1438 440 1515 23:112ss
457 1440 500 1513 {3‘
518 1438 694 1516 3³3¹ng

88 1528 229 1561 Gothus
257 1529 282 1558 V
309 1529 352 1560 35

87 1570 247 1605 Graecia
272 1573 401 1605 sollers
426 1573 514 1604 VIII
537 1575 580 1605 45
613 1584 695 1605 con-

109 1619 208 1650 iurat
239 1618 276 1649 in
309 1628 409 1649 arma
435 1618 522 1649 VIII
550 1620 612 1650 125
643 1619 696 1650 ui-

111 1663 204 1695 ctrix
231 1661 318 1694 VIII
342 1664 407 1695 339

86 1706 200 1740 Graia
222 1707 396 1739 iuuentus
422 1707 505 1738 VIII
533 1708 598 1739 316
629 1709 694 1739 545

110 1751 259 1784 Graiam
274 1752 420 1794 puppim
438 1751 471 1782 X
485 1753 528 1783 36
548 1751 695 1783 Graium

111 1796 238 1829 dotata
264 1806 391 1828 cruore
417 1797 551 1828 Helena
576 1795 628 1827 IX
653 1798 694 1829 63

111 1840 241 1873 Graios
271 1840 358 1872 VIII
382 1842 448 1873 295

88 1885 221 1917 Gratia
245 1884 398 1927 pulchra
423 1885 491 1917 VII
516 1887 559 1917 42

88 1928 694 1962 Guthamundusreanndalorum

108 1975 182 2007 Sat.
206 1976 241 2006 in
259 1975 517 2013 subscriptione.
545 1985 607 2007 rex
626 1974 694 2006 VII

109 2020 174 2051 127
190 2021 250 2052 131
267 2021 422 2061 νεῃηαιιίί
436 2020 693 2052 annis484-496

85 2108 378 2151 Hannibalisque
410 2113 548 2141 trucem
580 2108 692 2150 fregit

105 2163 172 2195 per
208 2153 308 2186 bella
345 2154 502 2186 furorem
534 2153 690 2195 (Scipio)

103 2197 159 2230 Ac
205 2197 450 2241 populatorem
503 2198 690 2231 Romanae

107 2243 228 2285 gentis
253 2242 379 2285 adegit
397 2244 550 2276 Sorbere
569 2243 690 2275 morti-

105 2288 221 2320 ferum
238 2297 303 2320 ceu
323 2288 458 2330 pocula
474 2287 610 2320 blanda
629 2298 691 2319 ue-

107 2341 240 2364 nenum
271 2333 319 2364 Et
349 2335 461 2375 caput
490 2333 690 2365 infaustum

799 233 941 275 legatus
983 236 1083 266 uexit
1115 236 1159 268 ad
1195 238 1318 270 urbem
1349 238 1381 270 V

798 280 863 310 210
886 290 959 320 sqq.

774 323 975 355 Harmonia
1000 323 1031 354 X
1057 326 1119 356 591

774 367 910 400 Hector
930 369 1100 400 Hectoris
1121 369 1283 402 Hectora
1305 371 1380 403 He·

795 418 892 443 ctore
923 413 1011 444 VIII
1048 414 1091 445 83
1130 415 1172 445 92
1213 416 1274 447 128
1315 417 1378 447 140

796 457 858 488 155
890 459 953 488 212
986 459 1050 490 ‘239
1078 459 1143 489 (305
1174 460 1239 490 6⁶24
1263 459 1315 491 IX
1347 462 1380 491 in

794 502 1013 540 inscriptione
1044 505 1085 534 37
1112 505 1154 535 50
1179 505 1221 535 64
1246 505 1288 536 76
1316 505 1380 536 104

796 546 859 578 138
887 548 948 578 142
977 549 1039 578 144
1058 549 1120 580 156
1142 549 1202 579 162
1225 549 1286 581 163
1314 550 1379 581 174

796 592 855 622 181
876 592 937 623 189
952 592 1016 624 203
1031 593 1095 623 216
1113 593 1218 624 225ἰη
1232 593 1378 624 subscri-

789 638 906 672 ptione
932 636 1071 667 funeris
1091 637 1265 669 Hectorei
1289 637 1379 669 VIII

793 680 855 711 142
880 680 930 712 ΙΧ
956 682 999 711 44
1031 680 1226 713 Hectoreis
1257 683 1379 714 earni-

792 724 857 755 bus
884 724 934 755 IX
971 726 1032 755 165
1065 725 1286 758 Hectoreum
1317 736 1378 759 ca-

792 768 904 800 dauer
931 769 1015 800 VIII
1044 771 1105 801 139
1131 769 1182 801 IX
1208 772 1249 802 78

768 813 923 845 Hecuba
953 813 1041 846 vm
1065 815 1108 846 96
1139 815 1204 847 620
1234 815 1286 847 IX
1314 817 1378 847 170

789 859 854 890 208
866 858 1168 900 iamqueHeeuba
1177 859 1378 893 latratvm

792 904 855 934 145
880 909 1026 945 pectore
1055 903 1182 936 Cisseo
1200 904 1290 937 VIII
1313 906 1377 937 164

767 947 910 979 Helena
951 948 1038 980 VIII
1084 951 1115 980 in
1155 951 1375 987 inscriptione

787 993 854 1024 440
879 993 1052 1024 Lacaena
1078 993 1167 1025 VIII
1192 995 1209 1025 1
1231 996 1294 1026 125
1311 996 1377 1026 445

790 1038 856 1069 490
881 1038 946 1070 494
962 1040 1029 1069 505
1042 1038 1107 1070 565
1132 1037 1183 1069 IX
1202 1039 1244 1070 62
1269 1038 1377 1081 Spar-

791 1086 878 1113 tana
905 1081 991 1113 VIII
1016 1084 1082 1114 444
1106 1084 1169 1115 551
1197 1083 1374 1124 Tyndari-

793 1126 848 1158 dis
887 1136 1016 1158 sensus
1055 1127 1143 1158 VIII
1173 1129 1238 1160 530
1278 1128 1376 1160 Iouis

793 1171 893 1203 alitis
918 1172 1038 1213 proles
1052 1171 1139 1204 VIII
1152 1174 1219 1204 440
1243 1182 1375 1204 numen

790 1216 943 1248 ueniens
975 1216 1018 1248 (le
1051 1217 1163 1258 stirpe
1196 1217 1375 1249 Tonantis

790 1261 880 1292 VIII
905 1262 970 1293 528
998 1262 1145 1293 Ledaea
1164 1261 1277 1303 fugax
1297 1272 1375 1303 pro-

788 1316 884 1347 pago
909 1306 998 1337 VIII
1015 1307 1080 1338 653
1107 1307 1271 1338 Ledaeus
1297 1317 1375 1348 par-

789 1353 847 1381 tus
874 1350 958 1382 VIII
986 1352 1051 1383 497

765 1393 929 1426 Helenus
945 1395 1073 1426 Heleni
1090 1395 1268 1426 Helenum
1287 1395 1374 1427 VIII

787 1439 830 1471 88
858 1441 919 1471 119
947 1440 1007 1470 181
1034 1441 1099 1472 608

764 1483 935 1516 Herculis·
983 1494 1050 1515 nox
1098 1485 1213 1516 uerba
1258 1484 1374 1517 hostis

789 1539 888 1560 arma
914 1529 1010 1560 uires
1035 1529 1067 1559 II
1098 1530 1158 1560 147
1192 1529 1241 1560 IV
1264 1530 1298 1560 in
1322 1531 1373 1561 in-

787 1573 974 1612 scriptione
1017 1576 1055 1605 12
1097 1573 1183 1604 VIII
1224 1575 1265 1606 79
1308 1574 1374 1607 603

788 1618 936 1650 Alcides
963 1618 1103 1650 Alcidis
1130 1618 1250 1650 Alcidi
1274 1618 1374 1650 Alei-

789 1663 869 1694 dem
897 1664 930 1695 11
955 1666 975 1695 3
992 1664 1035 1695 65
1053 1665 1094 1696 99
1115 1665 1177 1695 100
1196 1664 1260 1695 149
1285 1663 1373 1695 VIII

788 1709 853 1740 309
879 1708 1092 1748 Tirynthius
1117 1708 1153 1738 II
1178 1709 1220 1740 94
1247 1709 1308 1739 141
1342 1709 1373 1739 V

787 1754 850 1784 321
895 1752 1063 1784 llerculei
1104 1752 1255 1784 comites
1285 1752 1374 1784 VIII

787 1798 852 1829 294
892 1797 1097 1829 Herculeae
1131 1807 1214 1839 spes
1246 1796 1281 1828 11
1309 1798 1373 1829 150

788 1842 969 1873 Herculea
995 1852 1076 1873 cum
1101 1852 1191 1873 uoce
1218 1841 1254 1873 11
1280 1843 1344 1873 143

764 1886 926 1918 Hesione
951 1885 1037 1918 VIII
1063 1888 1105 1918 52
1122 1888 1187 1918 333
1211 1887 1276 1918 367
1303 1886 1373 1917 He—

788 1931 914 1962 sionen
942 1930 1031 1964 VIII
1055 1932 1120 1962 227
1146 1932 1212 1962 270
1244 1930 1372 1973 regina.

785 1974 980 2017 Pelasgum
1005 1975 1094 2007 VIII
1119 1976 1184 2007 366

765 2024 861 2051 totos
886 2020 947 2061 qui
972 2021 1063 2052 uicit
1080 2021 1239 2052 Hiberos
1257 2019 1370 2059 Scipio

761 2109 983 2151 Hippolytus
1008 2109 1043 2141 ΙΙ
1071 2111 1134 2141 104

761 2157 800 2185 tu
832 2154 979 2196 grandis
1012 2155 1168 2186 Homere
1201 2153 1290 2186 VIII
1329 2155 1369 2186 12

784 2209 913 2231 sensus
939 2199 1088 2230 Homeri
1114 2199 1201 2231 VIII
1227 2200 1268 2231 16

759 2243 990 2285 Hyacinthus
1015 2243 1049 2275 11
1076 2245 1139 2276 136

759 2289 906 2330 Hydrae
945 2290 1127 2330 serpentis
1165 2289 1290 2331 capita
1320 2288 1370 2320 IV

783 2334 817 2364 in
842 2335 1062 2372 inscriptione
