<?xml version="1.0" encoding="UTF-8"?>
<!DOCTYPE html PUBLIC "-//W3C//DTD XHTML 1.0 Transitional//EN"
    "http://www.w3.org/TR/xhtml1/DTD/xhtml1-transitional.dtd">
<html xmlns="http://www.w3.org/1999/xhtml" xml:lang="en" lang="en">
 <head>
  <title>
</title>
<meta http-equiv="Content-Type" content="text/html;charset=utf-8" />
  <meta name='ocr-system' content='tesseract 3.04.00' />
  <meta name='ocr-capabilities' content='ocr_page ocr_carea ocr_par ocr_line ocrx_word'/>
</head>
<body>
  <div class='ocr_page' id='page_1' title='image "./carminaminoraplu00dracuoft_0058.png"; bbox 0 0 1635 2522; ppageno 0'>
   <div class='ocr_carea' id='block_1_1' title="bbox 274 79 1014 121">
    <p class='ocr_par' dir='ltr' id='par_1_1' title="bbox 274 79 1014 121">
     <span class='ocr_line' id='line_1_1' title="bbox 274 79 1014 121; baseline 0.001 -12"><span class='ocrx_word' id='word_1_1' title='bbox 274 79 331 121; x_wconf 77' lang='lat'>45</span> <span class='ocrx_word' id='word_1_2' title='bbox 814 79 1014 110; x_wconf 62' lang='lat' dir='ltr'>HELENA</span> 
     </span>
    </p>
   </div>
   <div class='ocr_carea' id='block_1_2' title="bbox 154 178 1551 2079">
    <p class='ocr_par' dir='ltr' id='par_1_2' title="bbox 276 178 1470 444">
     <span class='ocr_line' id='line_1_2' title="bbox 276 178 1382 234; baseline 0.001 -16"><span class='ocrx_word' id='word_1_3' title='bbox 276 189 343 220; x_wconf 86' lang='lat'>490</span> <span class='ocrx_word' id='word_1_4' title='bbox 357 180 525 234; x_wconf 87' lang='lat' dir='ltr'>Aspicit</span> <span class='ocrx_word' id='word_1_5' title='bbox 544 180 658 220; x_wconf 87' lang='lat' dir='ltr'>hunc</span> <span class='ocrx_word' id='word_1_6' title='bbox 679 193 823 219; x_wconf 88' lang='lat' dir='ltr'>errans</span> <span class='ocrx_word' id='word_1_7' title='bbox 845 179 978 219; x_wconf 86' lang='lat' dir='ltr'>oculis</span> <span class='ocrx_word' id='word_1_8' title='bbox 1000 181 1150 219; x_wconf 73' lang='lat' dir='ltr'>ornata</span> <span class='ocrx_word' id='word_1_9' title='bbox 1170 178 1382 231; x_wconf 92' lang='lat' dir='ltr'>Lacaena,</span> 
     </span>
     <span class='ocr_line' id='line_1_3' title="bbox 359 234 1426 291; baseline -0.003 -14"><span class='ocrx_word' id='word_1_10' title='bbox 359 236 537 291; x_wconf 85' lang='lat' dir='ltr'>Effigiat</span> <span class='ocrx_word' id='word_1_11' title='bbox 556 249 632 289; x_wconf 88' lang='lat' dir='ltr'>per</span> <span class='ocrx_word' id='word_1_12' title='bbox 653 237 804 275; x_wconf 77' lang='lat' dir='ltr'>cuncta</span> <span class='ocrx_word' id='word_1_13' title='bbox 824 235 964 275; x_wconf 91' lang='lat' dir='ltr'>uirum</span> <span class='ocrx_word' id='word_1_14' title='bbox 985 234 1138 288; x_wconf 87' lang='lat' dir='ltr'>quibus</span> <span class='ocrx_word' id='word_1_15' title='bbox 1158 234 1230 275; x_wconf 89' lang='lat' dir='ltr'>ille</span> <span class='ocrx_word' id='word_1_16' title='bbox 1251 235 1426 276; x_wconf 89' lang='lat' dir='ltr'>decorus</span> 
     </span>
     <span class='ocr_line' id='line_1_4' title="bbox 361 290 1321 344; baseline -0.003 -11"><span class='ocrx_word' id='word_1_17' title='bbox 361 291 563 333; x_wconf 87' lang='lat' dir='ltr'>Uestibus</span> <span class='ocrx_word' id='word_1_18' title='bbox 584 290 753 331; x_wconf 78' lang='lat' dir='ltr'>incedat</span> <span class='ocrx_word' id='word_1_19' title='bbox 772 290 841 331; x_wconf 88' lang='lat' dir='ltr'>uel</span> <span class='ocrx_word' id='word_1_20' title='bbox 863 304 946 344; x_wconf 89' lang='lat' dir='ltr'>qua</span> <span class='ocrx_word' id='word_1_21' title='bbox 964 290 1167 344; x_wconf 80' lang='lat' dir='ltr'>lanugine</span> <span class='ocrx_word' id='word_1_22' title='bbox 1189 291 1321 331; x_wconf 87' lang='lat' dir='ltr'>malas</span> 
     </span>
     <span class='ocr_line' id='line_1_5' title="bbox 361 345 1407 400; baseline -0.001 -12"><span class='ocrx_word' id='word_1_23' title='bbox 361 346 542 388; x_wconf 86' lang='lat' dir='ltr'>Umbret</span> <span class='ocrx_word' id='word_1_24' title='bbox 563 349 604 387; x_wconf 77' lang='lat' dir='ltr'>et</span> <span class='ocrx_word' id='word_1_25' title='bbox 624 346 669 386; x_wconf 91' lang='lat' dir='ltr'>in</span> <span class='ocrx_word' id='word_1_26' title='bbox 690 360 811 387; x_wconf 89' lang='lat' dir='ltr'>roseo</span> <span class='ocrx_word' id='word_1_27' title='bbox 833 350 1083 400; x_wconf 79' lang='lat' dir='ltr'>prorumpat</span> <span class='ocrx_word' id='word_1_28' title='bbox 1102 345 1300 387; x_wconf 86' lang='lat' dir='ltr'>flosculus</span> <span class='ocrx_word' id='word_1_29' title='bbox 1323 360 1407 387; x_wconf 82' lang='lat' dir='ltr'>ore.</span> 
     </span>
     <span class='ocr_line' id='line_1_6' title="bbox 359 401 1470 444; baseline -0.002 0"><span class='ocrx_word' id='word_1_30' title='bbox 359 403 524 444; x_wconf 73' lang='lat' dir='ltr'>Laudat</span> <span class='ocrx_word' id='word_1_31' title='bbox 544 416 689 442; x_wconf 89' lang='lat' dir='ltr'>amans</span> <span class='ocrx_word' id='word_1_32' title='bbox 710 402 863 442; x_wconf 85' lang='lat' dir='ltr'>mirata</span> <span class='ocrx_word' id='word_1_33' title='bbox 883 402 1024 442; x_wconf 88' lang='lat' dir='ltr'>uirum</span> <span class='ocrx_word' id='word_1_34' title='bbox 1043 402 1259 442; x_wconf 79' lang='lat' dir='ltr'>flammata</span> <span class='ocrx_word' id='word_1_35' title='bbox 1278 401 1470 443; x_wconf 83' lang='lat' dir='ltr'>Lacaena</span> 
     </span>
    </p>

    <p class='ocr_par' dir='ltr' id='par_1_3' title="bbox 275 457 1382 623">
     <span class='ocr_line' id='line_1_7' title="bbox 275 457 1382 512; baseline 0.002 -16"><span class='ocrx_word' id='word_1_36' title='bbox 275 466 339 497; x_wconf 82' lang='lat'>495</span> <span class='ocrx_word' id='word_1_37' title='bbox 356 458 532 512; x_wconf 82' lang='lat' dir='ltr'>Ignibus</span> <span class='ocrx_word' id='word_1_38' title='bbox 552 457 716 511; x_wconf 77' lang='lat' dir='ltr'>Idaliis,</span> <span class='ocrx_word' id='word_1_39' title='bbox 739 472 837 498; x_wconf 88' lang='lat' dir='ltr'>nam</span> <span class='ocrx_word' id='word_1_40' title='bbox 861 457 1018 498; x_wconf 85' lang='lat' dir='ltr'>dudum</span> <span class='ocrx_word' id='word_1_41' title='bbox 1039 457 1276 512; x_wconf 89' lang='lat' dir='ltr'>flammiger</span> <span class='ocrx_word' id='word_1_42' title='bbox 1296 457 1382 498; x_wconf 89' lang='lat' dir='ltr'>ales</span> 
     </span>
     <span class='ocr_line' id='line_1_8' title="bbox 359 512 1374 567; baseline 0 -13"><span class='ocrx_word' id='word_1_43' title='bbox 359 514 496 554; x_wconf 80' lang='lat' dir='ltr'>Mat-re</span> <span class='ocrx_word' id='word_1_44' title='bbox 517 514 688 554; x_wconf 86' lang='lat' dir='ltr'>iubente</span> <span class='ocrx_word' id='word_1_45' title='bbox 711 527 815 567; x_wconf 87' lang='lat' dir='ltr'>puer</span> <span class='ocrx_word' id='word_1_46' title='bbox 834 514 921 554; x_wconf 77' lang='lat' dir='ltr'>telo</span> <span class='ocrx_word' id='word_1_47' title='bbox 944 512 1148 554; x_wconf 87' lang='lat' dir='ltr'>candente</span> <span class='ocrx_word' id='word_1_48' title='bbox 1169 512 1374 554; x_wconf 88' lang='lat' dir='ltr'>medullas</span> 
     </span>
     <span class='ocr_line' id='line_1_9' title="bbox 358 569 1284 623; baseline 0 -13"><span class='ocrx_word' id='word_1_49' title='bbox 358 569 513 611; x_wconf 85' lang='lat' dir='ltr'>Ledaei</span> <span class='ocrx_word' id='word_1_50' title='bbox 533 572 679 623; x_wconf 87' lang='lat' dir='ltr'>partus</span> <span class='ocrx_word' id='word_1_51' title='bbox 700 569 848 609; x_wconf 83' lang='lat' dir='ltr'>furtim</span> <span class='ocrx_word' id='word_1_52' title='bbox 870 569 1076 610; x_wconf 79' lang='lat' dir='ltr'>iaculatus</span> <span class='ocrx_word' id='word_1_53' title='bbox 1097 583 1284 610; x_wconf 87' lang='lat' dir='ltr'>amorem</span> 
     </span>
    </p>

    <p class='ocr_par' dir='ltr' id='par_1_4' title="bbox 157 624 1410 736">
     <span class='ocr_line' id='line_1_10' title="bbox 157 624 1410 684; baseline -0.001 -17"><span class='ocrx_word' id='word_1_54' title='bbox 157 653 198 684; x_wconf 40' lang='lat' dir='ltr'>[p.</span> <span class='ocrx_word' id='word_1_55' title='bbox 219 653 262 684; x_wconf 72' lang='lat'>53]</span> <span class='ocrx_word' id='word_1_56' title='bbox 359 624 548 667; x_wconf 75' lang='lat' dir='ltr'>Usserat.</span> <span class='ocrx_word' id='word_1_57' title='bbox 591 628 633 666; x_wconf 81' lang='lat' dir='ltr'>at</span> <span class='ocrx_word' id='word_1_58' title='bbox 653 628 799 679; x_wconf 87' lang='lat' dir='ltr'>pastor</span> <span class='ocrx_word' id='word_1_59' title='bbox 819 625 973 679; x_wconf 80' lang='lat' dir='ltr'>repetit</span> <span class='ocrx_word' id='word_1_60' title='bbox 992 628 1090 678; x_wconf 78' lang='lat' dir='ltr'>post</span> <span class='ocrx_word' id='word_1_61' title='bbox 1109 640 1225 666; x_wconf 89' lang='lat' dir='ltr'>sacra</span> <span class='ocrx_word' id='word_1_62' title='bbox 1244 624 1410 666; x_wconf 91' lang='lat' dir='ltr'>Dionae</span> 
     </span>
     <span class='ocr_line' id='line_1_11' title="bbox 359 681 1350 736; baseline 0.001 -15"><span class='ocrx_word' id='word_1_63' title='bbox 359 681 618 734; x_wconf 79' lang='lat' dir='ltr'>Hospitium.</span> <span class='ocrx_word' id='word_1_64' title='bbox 658 682 809 736; x_wconf 89' lang='lat' dir='ltr'>regina</span> <span class='ocrx_word' id='word_1_65' title='bbox 830 681 948 721; x_wconf 80' lang='lat' dir='ltr'>uenit</span> <span class='ocrx_word' id='word_1_66' title='bbox 968 681 1154 734; x_wconf 83' lang='lat' dir='ltr'>pallente</span> <span class='ocrx_word' id='word_1_67' title='bbox 1175 682 1350 733; x_wconf 88' lang='lat' dir='ltr'>rubore,</span> 
     </span>
    </p>

    <p class='ocr_par' dir='ltr' id='par_1_5' title="bbox 275 737 1524 1014">
     <span class='ocr_line' id='line_1_12' title="bbox 275 737 1420 791; baseline 0.003 -16"><span class='ocrx_word' id='word_1_68' title='bbox 275 745 340 776; x_wconf 85' lang='lat'>500</span> <span class='ocrx_word' id='word_1_69' title='bbox 357 737 468 778; x_wconf 85' lang='lat' dir='ltr'>Nam</span> <span class='ocrx_word' id='word_1_70' title='bbox 490 737 669 778; x_wconf 85' lang='lat' dir='ltr'>fiammis</span> <span class='ocrx_word' id='word_1_71' title='bbox 690 737 862 790; x_wconf 88' lang='lat' dir='ltr'>perfusa</span> <span class='ocrx_word' id='word_1_72' title='bbox 881 751 1012 791; x_wconf 89' lang='lat' dir='ltr'>genas</span> <span class='ocrx_word' id='word_1_73' title='bbox 1032 737 1290 791; x_wconf 82' lang='lat' dir='ltr'>pallentibus</span> <span class='ocrx_word' id='word_1_74' title='bbox 1311 737 1420 790; x_wconf 76' lang='lat' dir='ltr'>ibat,</span> 
     </span>
     <span class='ocr_line' id='line_1_13' title="bbox 359 792 1524 847; baseline 0.002 -14"><span class='ocrx_word' id='word_1_75' title='bbox 359 792 496 834; x_wconf 85' lang='lat' dir='ltr'>Fusus</span> <span class='ocrx_word' id='word_1_76' title='bbox 516 796 694 846; x_wconf 87' lang='lat' dir='ltr'>uterque</span> <span class='ocrx_word' id='word_1_77' title='bbox 717 792 840 834; x_wconf 84' lang='lat' dir='ltr'>decor</span> <span class='ocrx_word' id='word_1_78' title='bbox 861 793 1134 834; x_wconf 81' lang='lat' dir='ltr'>manifestum</span> <span class='ocrx_word' id='word_1_79' title='bbox 1156 793 1305 847; x_wconf 83' lang='lat' dir='ltr'>uulgat</span> <span class='ocrx_word' id='word_1_80' title='bbox 1325 807 1524 835; x_wconf 88' lang='lat' dir='ltr'>amorem.</span> 
     </span>
     <span class='ocr_line' id='line_1_14' title="bbox 358 848 1398 902; baseline -0.001 -12"><span class='ocrx_word' id='word_1_81' title='bbox 358 848 579 890; x_wconf 72' lang='lat' dir='ltr'>Pastorem</span> <span class='ocrx_word' id='word_1_82' title='bbox 599 849 846 902; x_wconf 87' lang='lat' dir='ltr'>pudibunda</span> <span class='ocrx_word' id='word_1_83' title='bbox 866 849 973 902; x_wconf 80' lang='lat' dir='ltr'>petit,</span> <span class='ocrx_word' id='word_1_84' title='bbox 994 849 1218 890; x_wconf 76' lang='lat' dir='ltr'>cohibente</span> <span class='ocrx_word' id='word_1_85' title='bbox 1238 863 1398 902; x_wconf 89' lang='lat' dir='ltr'>pauore</span> 
     </span>
     <span class='ocr_line' id='line_1_15' title="bbox 359 904 1480 959; baseline 0.001 -15"><span class='ocrx_word' id='word_1_86' title='bbox 359 904 650 958; x_wconf 85' lang='lat' dir='ltr'>Hortaturque</span> <span class='ocrx_word' id='word_1_87' title='bbox 672 905 811 945; x_wconf 90' lang='lat' dir='ltr'>uirum</span> <span class='ocrx_word' id='word_1_88' title='bbox 831 905 1020 958; x_wconf 87' lang='lat' dir='ltr'>feruens,</span> <span class='ocrx_word' id='word_1_89' title='bbox 1043 919 1127 959; x_wconf 87' lang='lat' dir='ltr'>qua</span> <span class='ocrx_word' id='word_1_90' title='bbox 1147 905 1278 958; x_wconf 77' lang='lat' dir='ltr'>stirpe</span> <span class='ocrx_word' id='word_1_91' title='bbox 1296 907 1480 959; x_wconf 78' lang='lat' dir='ltr'>creatus,</span> 
     </span>
     <span class='ocr_line' id='line_1_16' title="bbox 359 960 1348 1014; baseline 0 -13"><span class='ocrx_word' id='word_1_92' title='bbox 359 960 524 1001; x_wconf 74' lang='lat' dir='ltr'>Inclicet</span> <span class='ocrx_word' id='word_1_93' title='bbox 542 963 583 1001; x_wconf 80' lang='lat' dir='ltr'>et</span> <span class='ocrx_word' id='word_1_94' title='bbox 603 960 733 1001; x_wconf 76' lang='lat' dir='ltr'>fuerit</span> <span class='ocrx_word' id='word_1_95' title='bbox 753 975 836 1014; x_wconf 85' lang='lat' dir='ltr'>qua</span> <span class='ocrx_word' id='word_1_96' title='bbox 855 961 939 1001; x_wconf 89' lang='lat' dir='ltr'>iam</span> <span class='ocrx_word' id='word_1_97' title='bbox 961 964 1140 1001; x_wconf 85' lang='lat' dir='ltr'>uexante</span> <span class='ocrx_word' id='word_1_98' title='bbox 1162 961 1348 1014; x_wconf 90' lang='lat' dir='ltr'>procella</span> 
     </span>
    </p>

    <p class='ocr_par' dir='ltr' id='par_1_6' title="bbox 274 1016 1551 1295">
     <span class='ocr_line' id='line_1_17' title="bbox 274 1016 1423 1070; baseline 0.003 -16"><span class='ocrx_word' id='word_1_99' title='bbox 274 1024 340 1055; x_wconf 87' lang='lat'>505</span> <span class='ocrx_word' id='word_1_100' title='bbox 356 1016 425 1056; x_wconf 86' lang='lat' dir='ltr'>Ad</span> <span class='ocrx_word' id='word_1_101' title='bbox 447 1016 632 1070; x_wconf 77' lang='lat' dir='ltr'>Cyprum</span> <span class='ocrx_word' id='word_1_102' title='bbox 653 1017 813 1070; x_wconf 89' lang='lat' dir='ltr'>pulsus.</span> <span class='ocrx_word' id='word_1_103' title='bbox 855 1016 992 1057; x_wconf 88' lang='lat' dir='ltr'>medio</span> <span class='ocrx_word' id='word_1_104' title='bbox 1014 1031 1208 1057; x_wconf 84' lang='lat' dir='ltr'>sermone</span> <span class='ocrx_word' id='word_1_105' title='bbox 1229 1016 1423 1057; x_wconf 88' lang='lat' dir='ltr'>Lacaena</span> 
     </span>
     <span class='ocr_line' id='line_1_18' title="bbox 357 1072 1551 1127; baseline 0.002 -15"><span class='ocrx_word' id='word_1_106' title='bbox 357 1072 447 1113; x_wconf 88' lang='lat' dir='ltr'>Iam</span> <span class='ocrx_word' id='word_1_107' title='bbox 464 1075 577 1113; x_wconf 78' lang='lat' dir='ltr'>tacet</span> <span class='ocrx_word' id='word_1_108' title='bbox 591 1076 632 1113; x_wconf 83' lang='lat' dir='ltr'>et</span> <span class='ocrx_word' id='word_1_109' title='bbox 648 1073 813 1126; x_wconf 85' lang='lat' dir='ltr'>quaerit</span> <span class='ocrx_word' id='word_1_110' title='bbox 829 1073 1027 1114; x_wconf 88' lang='lat' dir='ltr'>iuuenem</span> <span class='ocrx_word' id='word_1_111' title='bbox 1044 1073 1195 1126; x_wconf 85' lang='lat' dir='ltr'>quibus</span> <span class='ocrx_word' id='word_1_112' title='bbox 1212 1075 1385 1127; x_wconf 83' lang='lat' dir='ltr'>appetat</span> <span class='ocrx_word' id='word_1_113' title='bbox 1399 1072 1551 1114; x_wconf 85' lang='lat' dir='ltr'>ardens</span> 
     </span>
     <span class='ocr_line' id='line_1_19' title="bbox 357 1127 1416 1182; baseline 0.001 -14"><span class='ocrx_word' id='word_1_114' title='bbox 357 1127 582 1169; x_wconf 83' lang='lat' dir='ltr'>Dictorum</span> <span class='ocrx_word' id='word_1_115' title='bbox 603 1129 756 1169; x_wconf 83' lang='lat' dir='ltr'>uerbis.</span> <span class='ocrx_word' id='word_1_116' title='bbox 799 1129 870 1169; x_wconf 86' lang='lat' dir='ltr'>sed</span> <span class='ocrx_word' id='word_1_117' title='bbox 891 1131 1036 1182; x_wconf 83' lang='lat' dir='ltr'>pastor</span> <span class='ocrx_word' id='word_1_118' title='bbox 1055 1129 1240 1182; x_wconf 86' lang='lat' dir='ltr'>perfidus</span> <span class='ocrx_word' id='word_1_119' title='bbox 1260 1128 1416 1182; x_wconf 86' lang='lat' dir='ltr'>hospes</span> 
     </span>
     <span class='ocr_line' id='line_1_20' title="bbox 358 1183 1354 1239; baseline 0.001 -15"><span class='ocrx_word' id='word_1_120' title='bbox 358 1183 419 1225; x_wconf 80' lang='lat' dir='ltr'>Ut</span> <span class='ocrx_word' id='word_1_121' title='bbox 440 1185 572 1224; x_wconf 86' lang='lat' dir='ltr'>sensit</span> <span class='ocrx_word' id='word_1_122' title='bbox 594 1184 767 1239; x_wconf 81' lang='lat' dir='ltr'>fragiles</span> <span class='ocrx_word' id='word_1_123' title='bbox 789 1185 977 1225; x_wconf 87' lang='lat' dir='ltr'>mulieris</span> <span class='ocrx_word' id='word_1_124' title='bbox 997 1188 1167 1239; x_wconf 76' lang='lat' dir='ltr'>pectore</span> <span class='ocrx_word' id='word_1_125' title='bbox 1189 1199 1354 1237; x_wconf 88' lang='lat' dir='ltr'>sensus,</span> 
     </span>
     <span class='ocr_line' id='line_1_21' title="bbox 354 1239 1367 1295; baseline 0.001 -15"><span class='ocrx_word' id='word_1_126' title='bbox 354 1239 512 1293; x_wconf 79' lang='lat' dir='ltr'>Incipit</span> <span class='ocrx_word' id='word_1_127' title='bbox 531 1240 685 1281; x_wconf 88' lang='lat' dir='ltr'>Iliacus</span> <span class='ocrx_word' id='word_1_128' title='bbox 706 1255 795 1282; x_wconf 90' lang='lat' dir='ltr'>non</span> <span class='ocrx_word' id='word_1_129' title='bbox 816 1255 900 1294; x_wconf 85' lang='lat' dir='ltr'>quo</span> <span class='ocrx_word' id='word_1_130' title='bbox 924 1241 979 1281; x_wconf 84' lang='lat' dir='ltr'>sit</span> <span class='ocrx_word' id='word_1_131' title='bbox 1000 1241 1206 1295; x_wconf 85' lang='lat' dir='ltr'>sanguine</span> <span class='ocrx_word' id='word_1_132' title='bbox 1229 1244 1367 1281; x_wconf 82' lang='lat' dir='ltr'>cretus</span> 
     </span>
    </p>

    <p class='ocr_par' dir='ltr' id='par_1_7' title="bbox 271 1295 1528 1575">
     <span class='ocr_line' id='line_1_22' title="bbox 271 1295 1371 1350; baseline 0.003 -16"><span class='ocrx_word' id='word_1_133' title='bbox 271 1303 336 1334; x_wconf 87' lang='grc'>510</span> <span class='ocrx_word' id='word_1_134' title='bbox 350 1295 392 1336; x_wconf 85' lang='lat' dir='ltr'>N</span> <span class='ocrx_word' id='word_1_135' title='bbox 396 1309 442 1336; x_wconf 91' lang='lat' dir='ltr'>ec</span> <span class='ocrx_word' id='word_1_136' title='bbox 463 1296 616 1349; x_wconf 89' lang='lat' dir='ltr'>quibus</span> <span class='ocrx_word' id='word_1_137' title='bbox 637 1311 835 1337; x_wconf 82' lang='lat' dir='ltr'>excussus</span> <span class='ocrx_word' id='word_1_138' title='bbox 860 1297 1000 1337; x_wconf 87' lang='lat' dir='ltr'>uentis</span> <span class='ocrx_word' id='word_1_139' title='bbox 1021 1297 1073 1337; x_wconf 86' lang='lat' dir='ltr'>ad</span> <span class='ocrx_word' id='word_1_140' title='bbox 1095 1297 1220 1337; x_wconf 86' lang='lat' dir='ltr'>litora</span> <span class='ocrx_word' id='word_1_141' title='bbox 1241 1296 1371 1350; x_wconf 77' lang='lat' dir='ltr'>Cypri</span> 
     </span>
     <span class='ocr_line' id='line_1_23' title="bbox 356 1350 1339 1406; baseline 0.002 -15"><span class='ocrx_word' id='word_1_142' title='bbox 356 1350 535 1392; x_wconf 84' lang='lat' dir='ltr'>Uenerit-</span> <span class='ocrx_word' id='word_1_143' title='bbox 556 1352 692 1392; x_wconf 81' lang='lat' dir='ltr'>effari:</span> <span class='ocrx_word' id='word_1_144' title='bbox 721 1353 911 1406; x_wconf 86' lang='lat' dir='ltr'>trepidus</span> <span class='ocrx_word' id='word_1_145' title='bbox 932 1353 1017 1393; x_wconf 87' lang='lat' dir='ltr'>iam</span> <span class='ocrx_word' id='word_1_146' title='bbox 1038 1366 1142 1393; x_wconf 88' lang='lat' dir='ltr'>uoce</span> <span class='ocrx_word' id='word_1_147' title='bbox 1164 1352 1339 1393; x_wconf 85' lang='lat' dir='ltr'>remissa</span> 
     </span>
     <span class='ocr_line' id='line_1_24' title="bbox 355 1406 1386 1462; baseline 0.002 -15"><span class='ocrx_word' id='word_1_148' title='bbox 355 1406 565 1462; x_wconf 88' lang='lat' dir='ltr'>Reginam</span> <span class='ocrx_word' id='word_1_149' title='bbox 586 1407 784 1449; x_wconf 83' lang='lat' dir='ltr'>laudabat</span> <span class='ocrx_word' id='word_1_150' title='bbox 805 1423 973 1459; x_wconf 84' lang='lat' dir='ltr'>amans,</span> <span class='ocrx_word' id='word_1_151' title='bbox 998 1409 1167 1462; x_wconf 87' lang='lat' dir='ltr'>culpare</span> <span class='ocrx_word' id='word_1_152' title='bbox 1189 1409 1386 1449; x_wconf 87' lang='lat' dir='ltr'>maritum</span> 
     </span>
     <span class='ocr_line' id='line_1_25' title="bbox 356 1462 1528 1518; baseline 0.003 -15"><span class='ocrx_word' id='word_1_153' title='bbox 356 1462 565 1517; x_wconf 79' lang='lat' dir='ltr'>Coeperat</span> <span class='ocrx_word' id='word_1_154' title='bbox 586 1464 804 1505; x_wconf 86' lang='lat' dir='ltr'>absentem</span> <span class='ocrx_word' id='word_1_155' title='bbox 826 1464 939 1518; x_wconf 88' lang='lat' dir='ltr'>quod</span> <span class='ocrx_word' id='word_1_156' title='bbox 960 1465 1044 1505; x_wconf 84' lang='lat' dir='ltr'>iam</span> <span class='ocrx_word' id='word_1_157' title='bbox 1065 1464 1351 1518; x_wconf 85' lang='lat' dir='ltr'>pulcherrima</span> <span class='ocrx_word' id='word_1_158' title='bbox 1373 1465 1528 1506; x_wconf 84' lang='lat' dir='ltr'>coniux</span> 
     </span>
     <span class='ocr_line' id='line_1_26' title="bbox 354 1519 1267 1575; baseline 0.002 -16"><span class='ocrx_word' id='word_1_159' title='bbox 354 1519 393 1559; x_wconf 88' lang='lat' dir='ltr'><strong>A</strong></span> <span class='ocrx_word' id='word_1_160' title='bbox 414 1519 557 1573; x_wconf 89' lang='lat' dir='ltr'>tepido</span> <span class='ocrx_word' id='word_1_161' title='bbox 581 1519 746 1561; x_wconf 83' lang='lat' dir='ltr'>deserta</span> <span class='ocrx_word' id='word_1_162' title='bbox 766 1521 860 1561; x_wconf 88' lang='lat' dir='ltr'>uiro</span> <span class='ocrx_word' id='word_1_163' title='bbox 882 1521 1077 1575; x_wconf 87' lang='lat' dir='ltr'>neglecta</span> <span class='ocrx_word' id='word_1_164' title='bbox 1097 1524 1267 1561; x_wconf 80' lang='lat' dir='ltr'>uacaret</span> 
     </span>
    </p>

    <p class='ocr_par' dir='ltr' id='par_1_8' title="bbox 269 1574 1430 1854">
     <span class='ocr_line' id='line_1_27' title="bbox 269 1574 1373 1630; baseline 0.004 -16"><span class='ocrx_word' id='word_1_165' title='bbox 269 1583 334 1613; x_wconf 90' lang='grc'>515</span> <span class='ocrx_word' id='word_1_166' title='bbox 353 1574 482 1616; x_wconf 84' lang='lat' dir='ltr'>Sacra</span> <span class='ocrx_word' id='word_1_167' title='bbox 501 1574 718 1617; x_wconf 89' lang='lat' dir='ltr'>Dionaeae</span> <span class='ocrx_word' id='word_1_168' title='bbox 740 1577 886 1618; x_wconf 84' lang='lat' dir='ltr'>matris</span> <span class='ocrx_word' id='word_1_169' title='bbox 907 1577 975 1618; x_wconf 90' lang='lat' dir='ltr'>uel</span> <span class='ocrx_word' id='word_1_170' title='bbox 997 1577 1156 1630; x_wconf 87' lang='lat' dir='ltr'>templa</span> <span class='ocrx_word' id='word_1_171' title='bbox 1176 1577 1373 1630; x_wconf 80' lang='lat' dir='ltr'>petisset,</span> 
     </span>
     <span class='ocr_line' id='line_1_28' title="bbox 353 1631 1402 1686; baseline 0.002 -15"><span class='ocrx_word' id='word_1_172' title='bbox 353 1631 605 1686; x_wconf 87' lang='lat' dir='ltr'>Adiungens</span> <span class='ocrx_word' id='word_1_173' title='bbox 627 1632 685 1672; x_wconf 79' lang='lat' dir='ltr'>‘si</span> <span class='ocrx_word' id='word_1_174' title='bbox 706 1632 803 1673; x_wconf 76' lang='lat' dir='ltr'>talis</span> <span class='ocrx_word' id='word_1_175' title='bbox 825 1633 904 1673; x_wconf 88' lang='lat' dir='ltr'>erit</span> <span class='ocrx_word' id='word_1_176' title='bbox 925 1647 1053 1686; x_wconf 88' lang='lat' dir='ltr'>quam</span> <span class='ocrx_word' id='word_1_177' title='bbox 1076 1633 1187 1673; x_wconf 86' lang='lat' dir='ltr'>forte</span> <span class='ocrx_word' id='word_1_178' title='bbox 1209 1632 1402 1673; x_wconf 90' lang='lat' dir='ltr'>merebor</span> 
     </span>
     <span class='ocr_line' id='line_1_29' title="bbox 355 1686 1345 1743; baseline 0.002 -16"><span class='ocrx_word' id='word_1_179' title='bbox 355 1686 562 1740; x_wconf 79' lang='lat' dir='ltr'>Uxorem,</span> <span class='ocrx_word' id='word_1_180' title='bbox 585 1688 643 1728; x_wconf 86' lang='lat' dir='ltr'>sic</span> <span class='ocrx_word' id='word_1_181' title='bbox 663 1688 819 1729; x_wconf 88' lang='lat' dir='ltr'>blanda</span> <span class='ocrx_word' id='word_1_182' title='bbox 839 1689 960 1743; x_wconf 86' lang='lat' dir='ltr'>genis</span> <span class='ocrx_word' id='word_1_183' title='bbox 982 1689 1040 1729; x_wconf 88' lang='lat' dir='ltr'>sic</span> <span class='ocrx_word' id='word_1_184' title='bbox 1063 1703 1134 1729; x_wconf 89' lang='lat' dir='ltr'>ore</span> <span class='ocrx_word' id='word_1_185' title='bbox 1155 1689 1345 1729; x_wconf 81' lang='lat' dir='ltr'>modesto</span> 
     </span>
     <span class='ocr_line' id='line_1_30' title="bbox 354 1742 1304 1798; baseline 0.002 -15"><span class='ocrx_word' id='word_1_186' title='bbox 354 1742 423 1784; x_wconf 83' lang='lat' dir='ltr'>Sic</span> <span class='ocrx_word' id='word_1_187' title='bbox 444 1743 576 1783; x_wconf 88' lang='lat' dir='ltr'>oculis</span> <span class='ocrx_word' id='word_1_188' title='bbox 599 1748 749 1785; x_wconf 83' lang='lat' dir='ltr'>ornata</span> <span class='ocrx_word' id='word_1_189' title='bbox 770 1745 856 1785; x_wconf 82' lang='lat' dir='ltr'>suis</span> <span class='ocrx_word' id='word_1_190' title='bbox 877 1745 935 1785; x_wconf 84' lang='lat' dir='ltr'>sic</span> <span class='ocrx_word' id='word_1_191' title='bbox 957 1744 1133 1798; x_wconf 81' lang='lat' dir='ltr'>pulchra</span> <span class='ocrx_word' id='word_1_192' title='bbox 1156 1745 1304 1785; x_wconf 80' lang='lat' dir='ltr'>decore</span> 
     </span>
     <span class='ocr_line' id='line_1_31' title="bbox 354 1798 1430 1854; baseline 0.001 -14"><span class='ocrx_word' id='word_1_193' title='bbox 354 1798 543 1840; x_wconf 82' lang='lat' dir='ltr'>Candida</span> <span class='ocrx_word' id='word_1_194' title='bbox 563 1800 623 1842; x_wconf 88' lang='lat' dir='ltr'>sic</span> <span class='ocrx_word' id='word_1_195' title='bbox 644 1815 766 1841; x_wconf 82' lang='lat' dir='ltr'>roseo</span> <span class='ocrx_word' id='word_1_196' title='bbox 788 1801 1047 1854; x_wconf 81' lang='lat' dir='ltr'>perfundens</span> <span class='ocrx_word' id='word_1_197' title='bbox 1068 1801 1257 1841; x_wconf 86' lang='lat' dir='ltr'>membra</span> <span class='ocrx_word' id='word_1_198' title='bbox 1278 1801 1430 1841; x_wconf 85' lang='lat' dir='ltr'>rubore</span> 
     </span>
    </p>

    <p class='ocr_par' dir='ltr' id='par_1_9' title="bbox 268 1854 1297 1911">
     <span class='ocr_line' id='line_1_32' title="bbox 268 1854 1297 1911; baseline 0.005 -19"><span class='ocrx_word' id='word_1_199' title='bbox 268 1863 333 1893; x_wconf 74' lang='lat'>520</span> <span class='ocrx_word' id='word_1_200' title='bbox 350 1854 419 1896; x_wconf 83' lang='lat' dir='ltr'>Sic</span> <span class='ocrx_word' id='word_1_201' title='bbox 440 1855 562 1896; x_wconf 85' lang='lat' dir='ltr'>flauis</span> <span class='ocrx_word' id='word_1_202' title='bbox 585 1860 737 1897; x_wconf 86' lang='lat' dir='ltr'>ornata</span> <span class='ocrx_word' id='word_1_203' title='bbox 758 1857 889 1897; x_wconf 86' lang='lat' dir='ltr'>comis</span> <span class='ocrx_word' id='word_1_204' title='bbox 912 1858 969 1897; x_wconf 92' lang='lat' dir='ltr'>sic</span> <span class='ocrx_word' id='word_1_205' title='bbox 990 1857 1162 1911; x_wconf 88' lang='lat' dir='ltr'>longior</span> <span class='ocrx_word' id='word_1_206' title='bbox 1182 1860 1297 1897; x_wconf 79' lang='lat' dir='ltr'>artus</span> 
     </span>
    </p>

    <p class='ocr_par' dir='ltr' id='par_1_10' title="bbox 154 1911 1467 2079">
     <span class='ocr_line' id='line_1_33' title="bbox 154 1911 1457 1968; baseline 0.001 -16"><span class='ocrx_word' id='word_1_207' title='bbox 154 1934 193 1966; x_wconf 79' lang='lat' dir='ltr'>[p.</span> <span class='ocrx_word' id='word_1_208' title='bbox 213 1934 258 1965; x_wconf 77' lang='lat'>59]</span> <span class='ocrx_word' id='word_1_209' title='bbox 355 1911 413 1952; x_wconf 83' lang='lat' dir='ltr'>Et.</span> <span class='ocrx_word' id='word_1_210' title='bbox 431 1925 607 1965; x_wconf 87' lang='lat' dir='ltr'>procera</span> <span class='ocrx_word' id='word_1_211' title='bbox 628 1926 779 1968; x_wconf 84' lang='lat' dir='ltr'>regens</span> <span class='ocrx_word' id='word_1_212' title='bbox 801 1913 843 1953; x_wconf 85' lang='lat' dir='ltr'>in</span> <span class='ocrx_word' id='word_1_213' title='bbox 867 1913 1028 1966; x_wconf 86' lang='lat' dir='ltr'>poplite</span> <span class='ocrx_word' id='word_1_214' title='bbox 1049 1913 1236 1954; x_wconf 81' lang='lat' dir='ltr'>membra</span> <span class='ocrx_word' id='word_1_215' title='bbox 1258 1915 1457 1966; x_wconf 87' lang='lat' dir='ltr'>uenusta,</span> 
     </span>
     <span class='ocr_line' id='line_1_34' title="bbox 352 1966 1284 2023; baseline 0.002 -16"><span class='ocrx_word' id='word_1_216' title='bbox 352 1966 445 2007; x_wconf 82' lang='lat' dir='ltr'>Tali</span> <span class='ocrx_word' id='word_1_217' title='bbox 467 1982 632 2022; x_wconf 88' lang='lat' dir='ltr'>semper</span> <span class='ocrx_word' id='word_1_218' title='bbox 653 1982 732 2023; x_wconf 89' lang='lat' dir='ltr'>ego</span> <span class='ocrx_word' id='word_1_219' title='bbox 761 1968 959 2023; x_wconf 80' lang='lat' dir='ltr'>dignatus</span> <span class='ocrx_word' id='word_1_220' title='bbox 981 1970 1161 2023; x_wconf 84' lang='lat' dir='ltr'>coniuge</span> <span class='ocrx_word' id='word_1_221' title='bbox 1183 1969 1284 2009; x_wconf 88' lang='lat' dir='ltr'>felix</span> 
     </span>
     <span class='ocr_line' id='line_1_35' title="bbox 350 2022 1467 2079; baseline 0.001 -16"><span class='ocrx_word' id='word_1_222' title='bbox 350 2022 391 2063; x_wconf 90' lang='lat' dir='ltr'>N</span> <span class='ocrx_word' id='word_1_223' title='bbox 396 2037 451 2064; x_wconf 87' lang='lat' dir='ltr'>on</span> <span class='ocrx_word' id='word_1_224' title='bbox 474 2023 625 2078; x_wconf 85' lang='lat' dir='ltr'>desim,</span> <span class='ocrx_word' id='word_1_225' title='bbox 652 2024 832 2065; x_wconf 83' lang='lat' dir='ltr'>famuler</span> <span class='ocrx_word' id='word_1_226' title='bbox 854 2025 1030 2079; x_wconf 82' lang='lat' dir='ltr'>supplex</span> <span class='ocrx_word' id='word_1_227' title='bbox 1053 2028 1095 2066; x_wconf 83' lang='lat' dir='ltr'>et</span> <span class='ocrx_word' id='word_1_228' title='bbox 1116 2026 1252 2066; x_wconf 88' lang='lat' dir='ltr'>iussus</span> <span class='ocrx_word' id='word_1_229' title='bbox 1275 2024 1467 2077; x_wconf 83' lang='lat' dir='ltr'>adorem,</span> 
     </span>
    </p>
   </div>
   <div class='ocr_carea' id='block_1_3' title="bbox 263 2124 1546 2295">
    <p class='ocr_par' dir='ltr' id='par_1_11' title="bbox 263 2124 1546 2295">
     <span class='ocr_line' id='line_1_36' title="bbox 356 2124 1546 2161; baseline 0.001 -4"><span class='ocrx_word' id='word_1_230' title='bbox 356 2127 422 2157; x_wconf 83' lang='lat'>490</span> <span class='ocrx_word' id='word_1_231' title='bbox 446 2124 516 2157; x_wconf 75' lang='lat' dir='ltr'>hlic</span> <span class='ocrx_word' id='word_1_232' title='bbox 544 2137 648 2158; x_wconf 84' lang='lat' dir='ltr'>erran</span> <span class='ocrx_word' id='word_1_233' title='bbox 676 2127 790 2158; x_wconf 79' lang='lat' dir='ltr'>oculis</span> <span class='ocrx_word' id='word_1_234' title='bbox 816 2139 904 2161; x_wconf 77' lang='lat' dir='ltr'>corr.</span> <span class='ocrx_word' id='word_1_235' title='bbox 932 2128 1000 2159; x_wconf 69' lang='lat' dir='ltr'>IJI</span> <span class='ocrx_word' id='word_1_236' title='bbox 1068 2129 1132 2160; x_wconf 75' lang='lat'>497</span> <span class='ocrx_word' id='word_1_237' title='bbox 1158 2127 1296 2159; x_wconf 77' lang='lat' dir='ltr'>Lacdei</span> <span class='ocrx_word' id='word_1_238' title='bbox 1365 2127 1431 2159; x_wconf 79' lang='lat'>498</span> <span class='ocrx_word' id='word_1_239' title='bbox 1456 2126 1546 2159; x_wconf 86' lang='lat' dir='ltr'>Ues·</span> 
     </span>
     <span class='ocr_line' id='line_1_37' title="bbox 265 2169 1542 2213; baseline 0.002 -11"><span class='ocrx_word' id='word_1_240' title='bbox 265 2174 365 2202; x_wconf 81' lang='lat' dir='ltr'>serat</span> <span class='ocrx_word' id='word_1_241' title='bbox 394 2181 484 2202; x_wconf 76' lang='lat' dir='ltr'>corr.</span> <span class='ocrx_word' id='word_1_242' title='bbox 513 2171 582 2202; x_wconf 69' lang='lat' dir='ltr'>IJI</span> <span class='ocrx_word' id='word_1_243' title='bbox 608 2173 612 2209; x_wconf 68' lang='grc' dir='ltr'><strong>Ι</strong></span> <span class='ocrx_word' id='word_1_244' title='bbox 644 2169 807 2203; x_wconf 60' lang='lat' dir='ltr'>Dionem.</span> <span class='ocrx_word' id='word_1_245' title='bbox 859 2172 994 2204; x_wconf 77' lang='lat' dir='ltr'>Diones</span> <span class='ocrx_word' id='word_1_246' title='bbox 1032 2173 1098 2204; x_wconf 71' lang='lat' dir='ltr'>IJ!</span> <span class='ocrx_word' id='word_1_247' title='bbox 1189 2174 1251 2204; x_wconf 82' lang='lat'>501</span> <span class='ocrx_word' id='word_1_248' title='bbox 1286 2171 1386 2204; x_wconf 66' lang='lat' dir='ltr'>color</span> <span class='ocrx_word' id='word_1_249' title='bbox 1413 2182 1542 2213; x_wconf 81' lang='lat' dir='ltr'>propo-</span> 
     </span>
     <span class='ocr_line' id='line_1_38' title="bbox 263 2215 1543 2260; baseline 0.001 -14"><span class='ocrx_word' id='word_1_250' title='bbox 263 2217 329 2247; x_wconf 83' lang='lat' dir='ltr'>suit</span> <span class='ocrx_word' id='word_1_251' title='bbox 354 2215 479 2247; x_wconf 70' lang='lat' dir='ltr'>Bac-eh.</span> <span class='ocrx_word' id='word_1_252' title='bbox 567 2218 626 2247; x_wconf 83' lang='lat'>511</span> <span class='ocrx_word' id='word_1_253' title='bbox 658 2221 693 2248; x_wconf 88' lang='lat' dir='ltr'>et</span> <span class='ocrx_word' id='word_1_254' title='bbox 722 2217 789 2248; x_wconf 81' lang='lat' dir='ltr'>fari</span> <span class='ocrx_word' id='word_1_255' title='bbox 872 2219 936 2249; x_wconf 70' lang='grc'>515</span> <span class='ocrx_word' id='word_1_256' title='bbox 962 2218 1021 2249; x_wconf 81' lang='lat' dir='ltr'>uel</span> <span class='ocrx_word' id='word_1_257' title='bbox 1047 2221 1185 2260; x_wconf 80' lang='lat' dir='ltr'>tempta</span> <span class='ocrx_word' id='word_1_258' title='bbox 1209 2220 1389 2259; x_wconf 73' lang='lat' dir='ltr'>proposui!</span> <span class='ocrx_word' id='word_1_259' title='bbox 1417 2217 1543 2249; x_wconf 67' lang='lat' dir='ltr'>Bacch.</span> 
     </span>
     <span class='ocr_line' id='line_1_39' title="bbox 266 2261 1014 2295; baseline 0.001 -2"><span class='ocrx_word' id='word_1_260' title='bbox 266 2261 330 2293; x_wconf 82' lang='lat'>516</span> <span class='ocrx_word' id='word_1_261' title='bbox 357 2262 427 2293; x_wconf 86' lang='lat' dir='ltr'>crit</span> <span class='ocrx_word' id='word_1_262' title='bbox 452 2272 540 2293; x_wconf 79' lang='lat' dir='ltr'>corr.</span> <span class='ocrx_word' id='word_1_263' title='bbox 567 2273 612 2293; x_wconf 64' lang='grc' dir='ltr'>(κε</span> <span class='ocrx_word' id='word_1_264' title='bbox 637 2265 716 2293; x_wconf 81' lang='lat' dir='ltr'>erat</span> <span class='ocrx_word' id='word_1_265' title='bbox 809 2264 873 2295; x_wconf 70' lang='lat'>521}</span> <span class='ocrx_word' id='word_1_266' title='bbox 902 2263 1014 2294; x_wconf 81' lang='lat' dir='ltr'>foelix</span> 
     </span>
    </p>
   </div>
  </div>
 </body>
</html>
