<?xml version="1.0" encoding="UTF-8"?>
<!DOCTYPE html PUBLIC "-//W3C//DTD XHTML 1.0 Transitional//EN"
    "http://www.w3.org/TR/xhtml1/DTD/xhtml1-transitional.dtd">
<html xmlns="http://www.w3.org/1999/xhtml" xml:lang="en" lang="en">
 <head>
  <title>
</title>
<meta http-equiv="Content-Type" content="text/html;charset=utf-8" />
  <meta name='ocr-system' content='tesseract 3.04.00' />
  <meta name='ocr-capabilities' content='ocr_page ocr_carea ocr_par ocr_line ocrx_word'/>
</head>
<body>
  <div class='ocr_page' id='page_1' title='image "./carminaminoraplu00dracuoft_0093.png"; bbox 0 0 1635 2522; ppageno 0'>
   <div class='ocr_carea' id='block_1_1' title="bbox 570 107 1374 152">
    <p class='ocr_par' dir='ltr' id='par_1_1' title="bbox 570 107 1374 152">
     <span class='ocr_line' id='line_1_1' title="bbox 570 107 1374 152; baseline 0.004 -12"><span class='ocrx_word' id='word_1_1' title='bbox 570 107 886 141; x_wconf 74' lang='lat' dir='ltr'>sAT1sFAcT1o</span> <span class='ocrx_word' id='word_1_2' title='bbox 1322 110 1374 152; x_wconf 81' lang='lat'>81</span> 
     </span>
    </p>
   </div>
   <div class='ocr_carea' id='block_1_2' title="bbox 117 205 1384 1934">
    <p class='ocr_par' dir='ltr' id='par_1_2' title="bbox 117 205 1384 1934">
     <span class='ocr_line' id='line_1_2' title="bbox 185 205 1140 261; baseline 0 -13"><span class='ocrx_word' id='word_1_3' title='bbox 185 206 398 248; x_wconf 87' lang='lat' dir='ltr'>Irascente</span> <span class='ocrx_word' id='word_1_4' title='bbox 418 205 496 247; x_wconf 92' lang='lat' dir='ltr'>deo</span> <span class='ocrx_word' id='word_1_5' title='bbox 517 207 679 246; x_wconf 89' lang='lat' dir='ltr'>mentes</span> <span class='ocrx_word' id='word_1_6' title='bbox 700 208 921 247; x_wconf 85' lang='lat' dir='ltr'>mutantur</span> <span class='ocrx_word' id='word_1_7' title='bbox 941 209 983 247; x_wconf 91' lang='lat' dir='ltr'>et</span> <span class='ocrx_word' id='word_1_8' title='bbox 1003 210 1140 261; x_wconf 85' lang='lat' dir='ltr'>artus,</span> 
     </span>
     <span class='ocr_line' id='line_1_3' title="bbox 118 261 1113 316; baseline 0.002 -14"><span class='ocrx_word' id='word_1_9' title='bbox 118 270 165 302; x_wconf 80' lang='grc'>30</span> <span class='ocrx_word' id='word_1_10' title='bbox 241 261 479 304; x_wconf 88' lang='lat' dir='ltr'>Uertuntur</span> <span class='ocrx_word' id='word_1_11' title='bbox 499 275 646 302; x_wconf 89' lang='lat' dir='ltr'>sensus</span> <span class='ocrx_word' id='word_1_12' title='bbox 667 261 849 302; x_wconf 88' lang='lat' dir='ltr'>uertitur</span> <span class='ocrx_word' id='word_1_13' title='bbox 870 265 912 302; x_wconf 90' lang='lat' dir='ltr'>et</span> <span class='ocrx_word' id='word_1_14' title='bbox 931 263 1113 316; x_wconf 87' lang='lat' dir='ltr'>species:</span> 
     </span>
     <span class='ocr_line' id='line_1_4' title="bbox 184 316 1235 380; baseline 0.001 -21"><span class='ocrx_word' id='word_1_15' title='bbox 184 318 406 360; x_wconf 80' lang='lat' dir='ltr'><strong>Persarum</strong></span> <span class='ocrx_word' id='word_1_16' title='bbox 429 331 572 380; x_wconf 81' lang='lat' dir='ltr'>regem</span> <span class='ocrx_word' id='word_1_17' title='bbox 594 316 840 371; x_wconf 84' lang='lat' dir='ltr'>Babylonae</span> <span class='ocrx_word' id='word_1_18' title='bbox 864 331 996 372; x_wconf 86' lang='lat' dir='ltr'>regna</span> <span class='ocrx_word' id='word_1_19' title='bbox 1019 322 1235 360; x_wconf 86' lang='lat' dir='ltr'>tenentem</span> 
     </span>
     <span class='ocr_line' id='line_1_5' title="bbox 240 372 1260 428; baseline 0.002 -14"><span class='ocrx_word' id='word_1_20' title='bbox 240 372 345 414; x_wconf 90' lang='lat' dir='ltr'>Post</span> <span class='ocrx_word' id='word_1_21' title='bbox 365 372 523 414; x_wconf 88' lang='lat' dir='ltr'>decus</span> <span class='ocrx_word' id='word_1_22' title='bbox 511 387 679 427; x_wconf 77' lang='lat' dir='ltr'>lmpern</span> <span class='ocrx_word' id='word_1_23' title='bbox 700 373 794 426; x_wconf 93' lang='lat' dir='ltr'>quis</span> <span class='ocrx_word' id='word_1_24' title='bbox 816 378 944 428; x_wconf 88' lang='lat' dir='ltr'>neget</span> <span class='ocrx_word' id='word_1_25' title='bbox 965 388 1054 414; x_wconf 90' lang='lat' dir='ltr'>esse</span> <span class='ocrx_word' id='word_1_26' title='bbox 1075 375 1260 416; x_wconf 83' lang='lat' dir='ltr'>bouem?</span> 
     </span>
     <span class='ocr_line' id='line_1_6' title="bbox 183 428 1188 483; baseline 0 -12"><span class='ocrx_word' id='word_1_27' title='bbox 183 428 243 472; x_wconf 80' lang='lat' dir='ltr'>Et</span> <span class='ocrx_word' id='word_1_28' title='bbox 262 428 538 470; x_wconf 78' lang='lat' dir='ltr'>diademalem</span> <span class='ocrx_word' id='word_1_29' title='bbox 558 431 785 482; x_wconf 78' lang='lat' dir='ltr'><strong>turparunt</strong></span> <span class='ocrx_word' id='word_1_30' title='bbox 805 442 963 470; x_wconf 86' lang='lat' dir='ltr'>cornua</span> <span class='ocrx_word' id='word_1_31' title='bbox 983 429 1188 483; x_wconf 84' lang='lat' dir='ltr'>frontem,</span> 
     </span>
     <span class='ocr_line' id='line_1_7' title="bbox 241 483 1051 540; baseline 0 -14"><span class='ocrx_word' id='word_1_32' title='bbox 241 483 432 540; x_wconf 83' lang='lat' dir='ltr'>Mugitus</span> <span class='ocrx_word' id='word_1_33' title='bbox 451 483 624 538; x_wconf 85' lang='lat' dir='ltr'>pecudis</span> <span class='ocrx_word' id='word_1_34' title='bbox 645 484 775 525; x_wconf 84' lang='lat' dir='ltr'>uerba</span> <span class='ocrx_word' id='word_1_35' title='bbox 794 485 912 526; x_wconf 86' lang='lat' dir='ltr'>fuere</span> <span class='ocrx_word' id='word_1_36' title='bbox 933 484 1051 526; x_wconf 85' lang='lat' dir='ltr'>duci:</span> 
     </span>
     <span class='ocr_line' id='line_1_8' title="bbox 118 539 1334 596; baseline 0.002 -16"><span class='ocrx_word' id='word_1_37' title='bbox 118 549 164 580; x_wconf 83' lang='lat'>35</span> <span class='ocrx_word' id='word_1_38' title='bbox 183 540 430 595; x_wconf 84' lang='lat' dir='ltr'>Agricolam</span> <span class='ocrx_word' id='word_1_39' title='bbox 450 540 594 581; x_wconf 79' lang='lat' dir='ltr'><strong>timuit</strong></span> <span class='ocrx_word' id='word_1_40' title='bbox 614 543 711 593; x_wconf 92' lang='lat' dir='ltr'>post</span> <span class='ocrx_word' id='word_1_41' title='bbox 731 539 931 582; x_wconf 84' lang='lat' dir='ltr'>Parthica</span> <span class='ocrx_word' id='word_1_42' title='bbox 950 554 1082 596; x_wconf 85' lang='lat' dir='ltr'>regna</span> <span class='ocrx_word' id='word_1_43' title='bbox 1102 541 1334 583; x_wconf 88' lang='lat' dir='ltr'>bubulcum</span> 
     </span>
     <span class='ocr_line' id='line_1_9' title="bbox 241 595 1131 651; baseline 0.001 -14"><span class='ocrx_word' id='word_1_44' title='bbox 241 595 546 650; x_wconf 87' lang='lat' dir='ltr'>Summisitque</span> <span class='ocrx_word' id='word_1_45' title='bbox 567 610 727 649; x_wconf 87' lang='lat' dir='ltr'>pauens</span> <span class='ocrx_word' id='word_1_46' title='bbox 749 596 866 651; x_wconf 85' lang='lat' dir='ltr'>regia</span> <span class='ocrx_word' id='word_1_47' title='bbox 887 596 1028 637; x_wconf 85' lang='lat' dir='ltr'>colla&#39;</span> <span class='ocrx_word' id='word_1_48' title='bbox 1016 610 1131 651; x_wconf 79' lang='lat' dir='ltr'>iugo,</span> 
     </span>
     <span class='ocr_line' id='line_1_10' title="bbox 182 651 1272 714; baseline 0.001 -21"><span class='ocrx_word' id='word_1_49' title='bbox 182 651 356 693; x_wconf 84' lang='lat' dir='ltr'>Errauit</span> <span class='ocrx_word' id='word_1_50' title='bbox 375 665 452 714; x_wconf 84' lang='lat' dir='ltr'>per</span> <span class='ocrx_word' id='word_1_51' title='bbox 471 654 593 704; x_wconf 88' lang='lat' dir='ltr'>prata</span> <span class='ocrx_word' id='word_1_52' title='bbox 614 664 747 705; x_wconf 86' lang='lat' dir='ltr'>uagus</span> <span class='ocrx_word' id='word_1_53' title='bbox 771 651 880 692; x_wconf 84' lang='lat' dir='ltr'>mala</span> <span class='ocrx_word' id='word_1_54' title='bbox 900 653 1095 706; x_wconf 86' lang='lat' dir='ltr'>gramina</span> <span class='ocrx_word' id='word_1_55' title='bbox 1113 656 1272 707; x_wconf 84' lang='lat' dir='ltr'>pastus,</span> 
     </span>
     <span class='ocr_line' id='line_1_11' title="bbox 239 687 1376 761; baseline 0.002 -12"><span class='ocrx_word' id='word_1_56' title='bbox 239 707 297 749; x_wconf 90' lang='lat' dir='ltr'>Et</span> <span class='ocrx_word' id='word_1_57' title='bbox 317 708 391 761; x_wconf 85' lang='lat' dir='ltr'>qui</span> <span class='ocrx_word' id='word_1_58' title='bbox 406 707 536 748; x_wconf 91' lang='lat' dir='ltr'>homo</span> <span class='ocrx_word' id='word_1_59' title='bbox 551 707 628 748; x_wconf 89' lang='lat' dir='ltr'>bos</span> <span class='ocrx_word' id='word_1_60' title='bbox 644 707 784 748; x_wconf 84' lang='lat' dir='ltr'>fuerat</span> <span class='ocrx_word' id='word_1_61' title='bbox 799 706 849 747; x_wconf 88' lang='lat' dir='ltr'>de</span> <span class='ocrx_word' id='word_1_62' title='bbox 870 707 979 748; x_wconf 92' lang='lat' dir='ltr'>boue</span> <span class='ocrx_word' id='word_1_63' title='bbox 996 708 1134 749; x_wconf 86' lang='lat' dir='ltr'>factus</span> <span class='ocrx_word' id='word_1_64' title='bbox 1154 687 1283 750; x_wconf 90' lang='lat' dir='ltr'>homo</span> <span class='ocrx_word' id='word_1_65' title='bbox 1301 712 1376 751; x_wconf 88' lang='lat' dir='ltr'>est.</span> 
     </span>
     <span class='ocr_line' id='line_1_12' title="bbox 183 762 1208 818; baseline 0 -13"><span class='ocrx_word' id='word_1_66' title='bbox 183 762 263 818; x_wconf 90' lang='lat' dir='ltr'>Liq</span> <span class='ocrx_word' id='word_1_67' title='bbox 265 763 330 804; x_wconf 83' lang='lat' dir='ltr'>uit</span> <span class='ocrx_word' id='word_1_68' title='bbox 349 766 392 804; x_wconf 89' lang='lat' dir='ltr'>et</span> <span class='ocrx_word' id='word_1_69' title='bbox 412 762 588 804; x_wconf 84' lang='lat' dir='ltr'>antistes</span> <span class='ocrx_word' id='word_1_70' title='bbox 610 763 752 803; x_wconf 88' lang='lat' dir='ltr'>senior</span> <span class='ocrx_word' id='word_1_71' title='bbox 771 766 892 816; x_wconf 87' lang='lat' dir='ltr'>pater</span> <span class='ocrx_word' id='word_1_72' title='bbox 912 763 983 804; x_wconf 90' lang='lat' dir='ltr'>ille</span> <span class='ocrx_word' id='word_1_73' title='bbox 1002 763 1208 805; x_wconf 85' lang='lat' dir='ltr'>Iohannis</span> 
     </span>
     <span class='ocr_line' id='line_1_13' title="bbox 117 777 1099 874; baseline 0 -15"><span class='ocrx_word' id='word_1_74' title='bbox 117 827 163 859; x_wconf 80' lang='lat'>40</span> <span class='ocrx_word' id='word_1_75' title='bbox 237 777 522 874; x_wconf 85' lang='lat' dir='ltr'>Elinguisque</span> <span class='ocrx_word' id='word_1_76' title='bbox 541 818 625 859; x_wconf 89' lang='lat' dir='ltr'>fuit</span> <span class='ocrx_word' id='word_1_77' title='bbox 644 832 749 860; x_wconf 89' lang='lat' dir='ltr'>uoce</span> <span class='ocrx_word' id='word_1_78' title='bbox 770 821 936 860; x_wconf 84' lang='lat' dir='ltr'>tacente</span> <span class='ocrx_word' id='word_1_79' title='bbox 958 818 1099 860; x_wconf 87' lang='lat' dir='ltr'>silens.</span> 
     </span>
     <span class='ocr_line' id='line_1_14' title="bbox 185 874 1174 929; baseline 0 -13"><span class='ocrx_word' id='word_1_80' title='bbox 185 876 266 916; x_wconf 86' lang='lat' dir='ltr'>Ast</span> <span class='ocrx_word' id='word_1_81' title='bbox 285 888 365 929; x_wconf 88' lang='lat' dir='ltr'>ego</span> <span class='ocrx_word' id='word_1_82' title='bbox 386 874 598 928; x_wconf 84' lang='lat' dir='ltr'>peccando</span> <span class='ocrx_word' id='word_1_83' title='bbox 621 875 711 929; x_wconf 88' lang='lat' dir='ltr'>regi</span> <span class='ocrx_word' id='word_1_84' title='bbox 733 874 990 929; x_wconf 91' lang='lat' dir='ltr'>dominoque</span> <span class='ocrx_word' id='word_1_85' title='bbox 1011 875 1174 929; x_wconf 90' lang='lat' dir='ltr'>deoque</span> 
     </span>
     <span class='ocr_line' id='line_1_15' title="bbox 240 929 1061 984; baseline -0.001 -12"><span class='ocrx_word' id='word_1_86' title='bbox 240 930 367 972; x_wconf 90' lang='lat' dir='ltr'>Peior</span> <span class='ocrx_word' id='word_1_87' title='bbox 387 945 479 971; x_wconf 92' lang='lat' dir='ltr'>sum</span> <span class='ocrx_word' id='word_1_88' title='bbox 499 929 636 971; x_wconf 86' lang='lat' dir='ltr'>factus</span> <span class='ocrx_word' id='word_1_89' title='bbox 657 930 923 984; x_wconf 75' lang='lat' dir='ltr'>deteriorque</span> <span class='ocrx_word' id='word_1_90' title='bbox 946 945 1061 972; x_wconf 84' lang='lat' dir='ltr'>eane.</span> 
     </span>
     <span class='ocr_line' id='line_1_16' title="bbox 185 985 1148 1041; baseline 0 -13"><span class='ocrx_word' id='word_1_91' title='bbox 185 985 377 1028; x_wconf 89' lang='lat' dir='ltr'>Uulnera</span> <span class='ocrx_word' id='word_1_92' title='bbox 396 986 539 1027; x_wconf 83' lang='lat' dir='ltr'>uexati</span> <span class='ocrx_word' id='word_1_93' title='bbox 560 989 679 1027; x_wconf 87' lang='lat' dir='ltr'>curat</span> <span class='ocrx_word' id='word_1_94' title='bbox 699 1000 774 1027; x_wconf 86' lang='lat' dir='ltr'>sua</span> <span class='ocrx_word' id='word_1_95' title='bbox 795 986 943 1041; x_wconf 84' lang='lat' dir='ltr'>lingua</span> <span class='ocrx_word' id='word_1_96' title='bbox 962 986 1148 1040; x_wconf 86' lang='lat' dir='ltr'>molossi,</span> 
     </span>
     <span class='ocr_line' id='line_1_17' title="bbox 238 1041 1267 1097; baseline 0.002 -15"><span class='ocrx_word' id='word_1_97' title='bbox 238 1041 335 1083; x_wconf 92' lang='lat' dir='ltr'>Heu</span> <span class='ocrx_word' id='word_1_98' title='bbox 355 1055 449 1083; x_wconf 90' lang='lat' dir='ltr'>mea</span> <span class='ocrx_word' id='word_1_99' title='bbox 469 1042 626 1096; x_wconf 90' lang='lat' dir='ltr'>quippe</span> <span class='ocrx_word' id='word_1_100' title='bbox 647 1041 754 1082; x_wconf 87' lang='lat' dir='ltr'>mihi</span> <span class='ocrx_word' id='word_1_101' title='bbox 774 1041 953 1083; x_wconf 83' lang='lat' dir='ltr'>uulnera</span> <span class='ocrx_word' id='word_1_102' title='bbox 972 1043 1120 1097; x_wconf 86' lang='lat' dir='ltr'>lingua</span> <span class='ocrx_word' id='word_1_103' title='bbox 1140 1041 1267 1084; x_wconf 80' lang='lat' dir='ltr'>dedit.</span> 
     </span>
     <span class='ocr_line' id='line_1_18' title="bbox 117 1097 1276 1152; baseline 0.002 -15"><span class='ocrx_word' id='word_1_104' title='bbox 117 1105 162 1137; x_wconf 84' lang='lat'>45</span> <span class='ocrx_word' id='word_1_105' title='bbox 183 1097 266 1139; x_wconf 87' lang='lat' dir='ltr'>Sed</span> <span class='ocrx_word' id='word_1_106' title='bbox 286 1097 360 1152; x_wconf 88' lang='lat' dir='ltr'>qui</span> <span class='ocrx_word' id='word_1_107' title='bbox 379 1098 565 1139; x_wconf 78' lang='lat' dir='ltr'>restituit</span> <span class='ocrx_word' id='word_1_108' title='bbox 584 1097 756 1152; x_wconf 90' lang='lat' dir='ltr'>pecudis</span> <span class='ocrx_word' id='word_1_109' title='bbox 776 1101 874 1152; x_wconf 90' lang='lat' dir='ltr'>post</span> <span class='ocrx_word' id='word_1_110' title='bbox 894 1098 1083 1139; x_wconf 82' lang='lat' dir='ltr'>membra</span> <span class='ocrx_word' id='word_1_111' title='bbox 1103 1098 1276 1152; x_wconf 77' lang='lat' dir='ltr'>tyranni</span> 
     </span>
     <span class='ocr_line' id='line_1_19' title="bbox 242 1153 1108 1208; baseline 0.001 -14"><span class='ocrx_word' id='word_1_112' title='bbox 242 1153 301 1195; x_wconf 88' lang='lat' dir='ltr'>Ut</span> <span class='ocrx_word' id='word_1_113' title='bbox 321 1154 442 1194; x_wconf 90' lang='lat' dir='ltr'>fieret</span> <span class='ocrx_word' id='word_1_114' title='bbox 460 1153 627 1195; x_wconf 88' lang='lat' dir='ltr'>rediens</span> <span class='ocrx_word' id='word_1_115' title='bbox 647 1153 809 1208; x_wconf 84' lang='lat' dir='ltr'>ungula</span> <span class='ocrx_word' id='word_1_116' title='bbox 828 1154 926 1195; x_wconf 84' lang='lat' dir='ltr'>fissa</span> <span class='ocrx_word' id='word_1_117' title='bbox 946 1168 1108 1207; x_wconf 87' lang='lat' dir='ltr'>manus,</span> 
     </span>
     <span class='ocr_line' id='line_1_20' title="bbox 184 1209 1295 1265; baseline 0 -14"><span class='ocrx_word' id='word_1_118' title='bbox 184 1209 349 1264; x_wconf 86' lang='lat' dir='ltr'>Quique</span> <span class='ocrx_word' id='word_1_119' title='bbox 370 1209 621 1251; x_wconf 86' lang='lat' dir='ltr'>reformauit</span> <span class='ocrx_word' id='word_1_120' title='bbox 640 1210 794 1250; x_wconf 80' lang='lat' dir='ltr'>tacitae</span> <span class='ocrx_word' id='word_1_121' title='bbox 815 1209 1104 1251; x_wconf 85' lang='lat' dir='ltr'>modulamina</span> <span class='ocrx_word' id='word_1_122' title='bbox 1123 1209 1295 1265; x_wconf 82' lang='lat' dir='ltr'>linguae</span> 
     </span>
     <span class='ocr_line' id='line_1_21' title="bbox 239 1264 1135 1320; baseline -0.001 -13"><span class='ocrx_word' id='word_1_123' title='bbox 239 1264 306 1307; x_wconf 89' lang='lat' dir='ltr'>Ne</span> <span class='ocrx_word' id='word_1_124' title='bbox 327 1265 552 1306; x_wconf 84' lang='lat' dir='ltr'>mutilante</span> <span class='ocrx_word' id='word_1_125' title='bbox 573 1279 679 1306; x_wconf 90' lang='lat' dir='ltr'>sono</span> <span class='ocrx_word' id='word_1_126' title='bbox 701 1265 831 1306; x_wconf 84' lang='lat' dir='ltr'>uerba</span> <span class='ocrx_word' id='word_1_127' title='bbox 851 1265 984 1320; x_wconf 85' lang='lat' dir='ltr'>ligata</span> <span class='ocrx_word' id='word_1_128' title='bbox 1005 1266 1135 1318; x_wconf 80' lang='lat' dir='ltr'>dalet,</span> 
     </span>
     <span class='ocr_line' id='line_1_22' title="bbox 183 1299 1246 1375; baseline 0 -13"><span class='ocrx_word' id='word_1_129' title='bbox 183 1321 280 1375; x_wconf 90' lang='lat' dir='ltr'>Ipse</span> <span class='ocrx_word' id='word_1_130' title='bbox 300 1335 394 1362; x_wconf 90' lang='lat' dir='ltr'>meo</span> <span class='ocrx_word' id='word_1_131' title='bbox 417 1321 589 1362; x_wconf 86' lang='lat' dir='ltr'>domino</span> <span class='ocrx_word' id='word_1_132' title='bbox 611 1321 712 1362; x_wconf 89' lang='lat' dir='ltr'>deus</span> <span class='ocrx_word' id='word_1_133' title='bbox 733 1321 915 1374; x_wconf 88' lang='lat' dir='ltr'>imperat</span> <span class='ocrx_word' id='word_1_134' title='bbox 935 1324 1061 1375; x_wconf 86' lang='lat' dir='ltr'>atque</span> <span class='ocrx_word' id='word_1_135' title='bbox 1082 1299 1246 1362; x_wconf 76' lang='lat' dir='ltr'>iu⁷bebit</span> 
     </span>
     <span class='ocr_line' id='line_1_23' title="bbox 118 1336 1035 1430; baseline 0 -13"><span class='ocrx_word' id='word_1_136' title='bbox 118 1385 164 1417; x_wconf 91' lang='grc'>50</span> <span class='ocrx_word' id='word_1_137' title='bbox 205 1336 302 1418; x_wconf 87' lang='lat' dir='ltr'>pUt</span> <span class='ocrx_word' id='word_1_138' title='bbox 321 1391 388 1418; x_wconf 92' lang='lat' dir='ltr'>me</span> <span class='ocrx_word' id='word_1_139' title='bbox 410 1377 606 1418; x_wconf 87' lang='lat' dir='ltr'>restituat</span> <span class='ocrx_word' id='word_1_140' title='bbox 625 1377 906 1430; x_wconf 82' lang='lat' dir='ltr'>respiciatque</span> <span class='ocrx_word' id='word_1_141' title='bbox 927 1377 1035 1430; x_wconf 80' lang='lat' dir='ltr'>pius,</span> 
     </span>
     <span class='ocr_line' id='line_1_24' title="bbox 187 1431 1282 1486; baseline -0.001 -11"><span class='ocrx_word' id='word_1_142' title='bbox 187 1431 337 1475; x_wconf 87' lang='lat' dir='ltr'>Seruet</span> <span class='ocrx_word' id='word_1_143' title='bbox 357 1433 427 1474; x_wconf 87' lang='lat' dir='ltr'>aui</span> <span class='ocrx_word' id='word_1_144' title='bbox 449 1437 496 1473; x_wconf 90' lang='lat' dir='ltr'>ut</span> <span class='ocrx_word' id='word_1_145' title='bbox 516 1432 660 1473; x_wconf 84' lang='lat' dir='ltr'>laudes</span> <span class='ocrx_word' id='word_1_146' title='bbox 681 1432 818 1473; x_wconf 86' lang='lat' dir='ltr'>dicam</span> <span class='ocrx_word' id='word_1_147' title='bbox 838 1434 1080 1486; x_wconf 84' lang='lat' dir='ltr'>patriasque</span> <span class='ocrx_word' id='word_1_148' title='bbox 1101 1446 1282 1486; x_wconf 86' lang='lat' dir='ltr'>suasque</span> 
     </span>
     <span class='ocr_line' id='line_1_25' title="bbox 242 1488 1128 1543; baseline -0.001 -13"><span class='ocrx_word' id='word_1_149' title='bbox 242 1488 408 1542; x_wconf 90' lang='lat' dir='ltr'>Perque</span> <span class='ocrx_word' id='word_1_150' title='bbox 430 1503 525 1530; x_wconf 85' lang='lat' dir='ltr'>suas</span> <span class='ocrx_word' id='word_1_151' title='bbox 546 1488 687 1542; x_wconf 91' lang='lat' dir='ltr'>proles</span> <span class='ocrx_word' id='word_1_152' title='bbox 707 1488 825 1543; x_wconf 86' lang='lat' dir='ltr'>regia</span> <span class='ocrx_word' id='word_1_153' title='bbox 846 1491 947 1529; x_wconf 83' lang='lat' dir='ltr'>uota</span> <span class='ocrx_word' id='word_1_154' title='bbox 968 1502 1128 1529; x_wconf 87' lang='lat' dir='ltr'>canam.</span> 
     </span>
     <span class='ocr_line' id='line_1_26' title="bbox 189 1543 1316 1599; baseline 0 -13"><span class='ocrx_word' id='word_1_155' title='bbox 189 1544 325 1599; x_wconf 85' lang='lat' dir='ltr'>Culpa</span> <span class='ocrx_word' id='word_1_156' title='bbox 345 1545 517 1599; x_wconf 90' lang='lat' dir='ltr'>quidem</span> <span class='ocrx_word' id='word_1_157' title='bbox 537 1545 679 1599; x_wconf 86' lang='lat' dir='ltr'>grauis</span> <span class='ocrx_word' id='word_1_158' title='bbox 701 1547 764 1585; x_wconf 90' lang='lat' dir='ltr'>est</span> <span class='ocrx_word' id='word_1_159' title='bbox 785 1544 911 1585; x_wconf 83' lang='lat' dir='ltr'>uenia</span> <span class='ocrx_word' id='word_1_160' title='bbox 931 1543 1003 1584; x_wconf 90' lang='lat' dir='ltr'>sed</span> <span class='ocrx_word' id='word_1_161' title='bbox 1024 1543 1154 1598; x_wconf 86' lang='lat' dir='ltr'>digna</span> <span class='ocrx_word' id='word_1_162' title='bbox 1173 1547 1316 1586; x_wconf 84' lang='lat' dir='ltr'>reatus</span> 
     </span>
     <span class='ocr_line' id='line_1_27' title="bbox 243 1599 1130 1654; baseline -0.002 -12"><span class='ocrx_word' id='word_1_163' title='bbox 243 1599 366 1649; x_wconf 86' lang='lat' dir='ltr'>Quod</span> <span class='ocrx_word' id='word_1_164' title='bbox 386 1601 477 1642; x_wconf 90' lang='lat' dir='ltr'>sine</span> <span class='ocrx_word' id='word_1_165' title='bbox 498 1600 660 1654; x_wconf 83' lang='lat' dir='ltr'>peccati</span> <span class='ocrx_word' id='word_1_166' title='bbox 682 1600 857 1641; x_wconf 88' lang='lat' dir='ltr'>crimine</span> <span class='ocrx_word' id='word_1_167' title='bbox 878 1614 1005 1641; x_wconf 90' lang='lat' dir='ltr'>nemo</span> <span class='ocrx_word' id='word_1_168' title='bbox 1026 1599 1130 1641; x_wconf 84' lang='lat' dir='ltr'>fuit:</span> 
     </span>
     <span class='ocr_line' id='line_1_28' title="bbox 124 1655 1384 1710; baseline 0.002 -15"><span class='ocrx_word' id='word_1_169' title='bbox 124 1664 169 1696; x_wconf 87' lang='grc'>55</span> <span class='ocrx_word' id='word_1_170' title='bbox 189 1655 231 1698; x_wconf 93' lang='lat' dir='ltr'>N</span> <span class='ocrx_word' id='word_1_171' title='bbox 233 1671 302 1697; x_wconf 81' lang='lat' dir='ltr'>am</span> <span class='ocrx_word' id='word_1_172' title='bbox 325 1656 426 1697; x_wconf 91' lang='lat' dir='ltr'>deus</span> <span class='ocrx_word' id='word_1_173' title='bbox 444 1657 714 1710; x_wconf 88' lang='lat' dir='ltr'>omnipotens</span> <span class='ocrx_word' id='word_1_174' title='bbox 734 1656 876 1709; x_wconf 88' lang='lat' dir='ltr'>potuit</span> <span class='ocrx_word' id='word_1_175' title='bbox 896 1670 991 1696; x_wconf 90' lang='lat' dir='ltr'>cum</span> <span class='ocrx_word' id='word_1_176' title='bbox 1015 1655 1217 1697; x_wconf 85' lang='lat' dir='ltr'>conderet</span> <span class='ocrx_word' id='word_1_177' title='bbox 1238 1655 1384 1697; x_wconf 90' lang='lat' dir='ltr'>orbem</span> 
     </span>
     <span class='ocr_line' id='line_1_29' title="bbox 241 1711 1042 1766; baseline -0.002 -12"><span class='ocrx_word' id='word_1_178' title='bbox 241 1711 452 1754; x_wconf 87' lang='lat' dir='ltr'>Tristibus</span> <span class='ocrx_word' id='word_1_179' title='bbox 473 1713 625 1753; x_wconf 86' lang='lat' dir='ltr'>amotis</span> <span class='ocrx_word' id='word_1_180' title='bbox 646 1712 801 1766; x_wconf 86' lang='lat' dir='ltr'>gaudia</span> <span class='ocrx_word' id='word_1_181' title='bbox 821 1711 911 1752; x_wconf 88' lang='lat' dir='ltr'>sola</span> <span class='ocrx_word' id='word_1_182' title='bbox 931 1711 1042 1765; x_wconf 87' lang='lat' dir='ltr'>dare,</span> 
     </span>
     <span class='ocr_line' id='line_1_30' title="bbox 189 1766 1152 1810; baseline -0.003 0"><span class='ocrx_word' id='word_1_183' title='bbox 189 1767 272 1810; x_wconf 87' lang='lat' dir='ltr'>Sed</span> <span class='ocrx_word' id='word_1_184' title='bbox 291 1767 459 1810; x_wconf 86' lang='lat' dir='ltr'>diuersa</span> <span class='ocrx_word' id='word_1_185' title='bbox 478 1782 624 1809; x_wconf 87' lang='lat' dir='ltr'>creans</span> <span class='ocrx_word' id='word_1_186' title='bbox 646 1771 687 1809; x_wconf 91' lang='lat' dir='ltr'>et</span> <span class='ocrx_word' id='word_1_187' title='bbox 708 1766 991 1808; x_wconf 85' lang='lat' dir='ltr'>discordantia</span> <span class='ocrx_word' id='word_1_188' title='bbox 1011 1767 1152 1808; x_wconf 78' lang='lat' dir='ltr'>iunxit</span> 
     </span>
     <span class='ocr_line' id='line_1_31' title="bbox 246 1823 1234 1866; baseline -0.001 -1"><span class='ocrx_word' id='word_1_189' title='bbox 246 1823 303 1865; x_wconf 90' lang='lat' dir='ltr'>Et</span> <span class='ocrx_word' id='word_1_190' title='bbox 325 1825 437 1866; x_wconf 86' lang='lat' dir='ltr'>bona</span> <span class='ocrx_word' id='word_1_191' title='bbox 456 1824 589 1865; x_wconf 81' lang='lat' dir='ltr'>mixta</span> <span class='ocrx_word' id='word_1_192' title='bbox 609 1823 730 1864; x_wconf 84' lang='lat' dir='ltr'>malis</span> <span class='ocrx_word' id='word_1_193' title='bbox 752 1826 793 1864; x_wconf 89' lang='lat' dir='ltr'>et</span> <span class='ocrx_word' id='word_1_194' title='bbox 814 1823 925 1864; x_wconf 84' lang='lat' dir='ltr'>mala</span> <span class='ocrx_word' id='word_1_195' title='bbox 945 1823 1077 1864; x_wconf 82' lang='lat' dir='ltr'>mixta</span> <span class='ocrx_word' id='word_1_196' title='bbox 1097 1823 1234 1865; x_wconf 86' lang='lat' dir='ltr'>bonis.</span> 
     </span>
     <span class='ocr_line' id='line_1_32' title="bbox 191 1878 1255 1934; baseline -0.002 -13"><span class='ocrx_word' id='word_1_197' title='bbox 191 1878 264 1922; x_wconf 83' lang='lat' dir='ltr'>Sic·</span> <span class='ocrx_word' id='word_1_198' title='bbox 282 1879 491 1921; x_wconf 79' lang='lat' dir='ltr'>elementa</span> <span class='ocrx_word' id='word_1_199' title='bbox 510 1883 663 1934; x_wconf 87' lang='lat' dir='ltr'>potens</span> <span class='ocrx_word' id='word_1_200' title='bbox 684 1879 896 1920; x_wconf 85' lang='lat' dir='ltr'>contraria</span> <span class='ocrx_word' id='word_1_201' title='bbox 915 1879 1087 1920; x_wconf 89' lang='lat' dir='ltr'>miscuit</span> <span class='ocrx_word' id='word_1_202' title='bbox 1107 1881 1255 1920; x_wconf 88' lang='lat' dir='ltr'>auctor</span> 
     </span>
    </p>
   </div>
   <div class='ocr_carea' id='block_1_3' title="bbox 100 2025 1388 2202">
    <p class='ocr_par' dir='ltr' id='par_1_3' title="bbox 100 2025 1388 2202">
     <span class='ocr_line' id='line_1_33' title="bbox 214 2025 1338 2069; baseline -0.001 -10"><span class='ocrx_word' id='word_1_203' title='bbox 214 2029 254 2059; x_wconf 88' lang='lat'>31</span> <span class='ocrx_word' id='word_1_204' title='bbox 288 2028 320 2059; x_wconf 84' lang='lat' dir='ltr'>in</span> <span class='ocrx_word' id='word_1_205' title='bbox 352 2030 499 2069; x_wconf 66' lang='lat' dir='ltr'>margine</span> <span class='ocrx_word' id='word_1_206' title='bbox 529 2037 643 2058; x_wconf 78' lang='lat' dir='ltr'>manus</span> <span class='ocrx_word' id='word_1_207' title='bbox 672 2028 841 2058; x_wconf 77' lang='lat' dir='ltr'>recentior</span> <span class='ocrx_word' id='word_1_208' title='bbox 871 2028 1054 2068; x_wconf 72' lang='lat' dir='ltr'>adsffl&#39;psit</span> <span class='ocrx_word' id='word_1_209' title='bbox 1084 2025 1338 2067; x_wconf 57' lang='lat' dir='ltr'>Nabuchodn&#39;T</span> 
     </span>
     <span class='ocr_line' id='line_1_34' title="bbox 102 2069 1385 2113; baseline -0.003 -8"><span class='ocrx_word' id='word_1_210' title='bbox 102 2072 148 2105; x_wconf 79' lang='lat'>38</span> <span class='ocrx_word' id='word_1_211' title='bbox 171 2071 277 2104; x_wconf 89' lang='lat' dir='ltr'>homo</span> <span class='ocrx_word' id='word_1_212' title='bbox 307 2083 368 2104; x_wconf 81' lang='lat' dir='ltr'>mn.</span> <span class='ocrx_word' id='word_1_213' title='bbox 395 2072 553 2104; x_wconf 82' lang='lat' dir='ltr'>Sirmond</span> <span class='ocrx_word' id='word_1_214' title='bbox 642 2072 685 2104; x_wconf 85' lang='lat'>39</span> <span class='ocrx_word' id='word_1_215' title='bbox 711 2069 846 2113; x_wconf 85' lang='lat' dir='ltr'>Liquit]</span> <span class='ocrx_word' id='word_1_216' title='bbox 879 2073 967 2103; x_wconf 71' lang='lat' dir='ltr'>inter·</span> <span class='ocrx_word' id='word_1_217' title='bbox 995 2073 1005 2102; x_wconf 89' lang='lat' dir='ltr'>i</span> <span class='ocrx_word' id='word_1_218' title='bbox 1031 2077 1063 2103; x_wconf 83' lang='lat' dir='ltr'>et</span> <span class='ocrx_word' id='word_1_219' title='bbox 1089 2081 1111 2112; x_wconf 94' lang='lat' dir='ltr'>q</span> <span class='ocrx_word' id='word_1_220' title='bbox 1141 2072 1259 2103; x_wconf 73' lang='lat' dir='ltr'>literas</span> <span class='ocrx_word' id='word_1_221' title='bbox 1289 2072 1385 2102; x_wconf 73' lang='lat' dir='ltr'>unius</span> 
     </span>
     <span class='ocr_line' id='line_1_35' title="bbox 101 2114 1386 2158; baseline -0.001 -10"><span class='ocrx_word' id='word_1_222' title='bbox 101 2118 156 2148; x_wconf 81' lang='lat' dir='ltr'>uel</span> <span class='ocrx_word' id='word_1_223' title='bbox 185 2118 322 2149; x_wconf 76' lang='lat' dir='ltr'>duarum</span> <span class='ocrx_word' id='word_1_224' title='bbox 352 2118 523 2149; x_wconf 80' lang='lat' dir='ltr'>literarum</span> <span class='ocrx_word' id='word_1_225' title='bbox 546 2117 690 2158; x_wconf 81' lang='lat' dir='ltr'>spatium</span> <span class='ocrx_word' id='word_1_226' title='bbox 715 2121 766 2147; x_wconf 77' lang='lat' dir='ltr'>est</span> <span class='ocrx_word' id='word_1_227' title='bbox 791 2114 796 2156; x_wconf 95' lang='grc' dir='ltr'>Ι</span> <span class='ocrx_word' id='word_1_228' title='bbox 823 2114 959 2157; x_wconf 84' lang='lat' dir='ltr'>senior]</span> <span class='ocrx_word' id='word_1_229' title='bbox 989 2117 1000 2147; x_wconf 83' lang='lat' dir='ltr'>i</span> <span class='ocrx_word' id='word_1_230' title='bbox 1026 2121 1057 2147; x_wconf 86' lang='lat' dir='ltr'>et</span> <span class='ocrx_word' id='word_1_231' title='bbox 1083 2126 1099 2147; x_wconf 91' lang='lat' dir='ltr'>r</span> <span class='ocrx_word' id='word_1_232' title='bbox 1123 2115 1247 2148; x_wconf 78' lang='lat' dir='ltr'>literas</span> <span class='ocrx_word' id='word_1_233' title='bbox 1271 2125 1386 2147; x_wconf 68' lang='lat' dir='ltr'>manus</span> 
     </span>
     <span class='ocr_line' id='line_1_36' title="bbox 100 2161 1388 2202; baseline -0.002 -9"><span class='ocrx_word' id='word_1_234' title='bbox 100 2163 272 2194; x_wconf 78' lang='lat' dir='ltr'>recentior</span> <span class='ocrx_word' id='word_1_235' title='bbox 305 2163 339 2193; x_wconf 85' lang='lat' dir='ltr'>in</span> <span class='ocrx_word' id='word_1_236' title='bbox 375 2172 549 2193; x_wconf 81' lang='lat' dir='ltr'>erasarum</span> <span class='ocrx_word' id='word_1_237' title='bbox 584 2163 687 2193; x_wconf 85' lang='lat' dir='ltr'>Iocum</span> <span class='ocrx_word' id='word_1_238' title='bbox 717 2163 864 2202; x_wconf 76' lang='lat' dir='ltr'>scripsit.</span> <span class='ocrx_word' id='word_1_239' title='bbox 895 2162 977 2201; x_wconf 84' lang='lat' dir='ltr'>sort.</span> <span class='ocrx_word' id='word_1_240' title='bbox 1013 2161 1215 2193; x_wconf 72' lang='lat' dir='ltr'>Dracontius</span> <span class='ocrx_word' id='word_1_241' title='bbox 1246 2161 1388 2201; x_wconf 73' lang='lat' dir='ltr'>scripsit</span> 
     </span>
    </p>
   </div>
   <div class='ocr_carea' id='block_1_4' title="bbox 103 2205 1386 2318">
    <p class='ocr_par' dir='ltr' id='par_1_4' title="bbox 103 2205 1386 2318">
     <span class='ocr_line' id='line_1_37' title="bbox 103 2205 1386 2247; baseline -0.002 -9"><span class='ocrx_word' id='word_1_242' title='bbox 103 2206 226 2238; x_wconf 71' lang='lat' dir='ltr'>sancti</span> <span class='ocrx_word' id='word_1_243' title='bbox 249 2207 294 2247; x_wconf 79' lang='lat' dir='ltr'>cs.</span> <span class='ocrx_word' id='word_1_244' title='bbox 321 2208 353 2238; x_wconf 86' lang='lat' dir='ltr'>d.</span> <span class='ocrx_word' id='word_1_245' title='bbox 371 2208 433 2239; x_wconf 85' lang='lat' dir='ltr'>deo</span> <span class='ocrx_word' id='word_1_246' title='bbox 458 2206 493 2238; x_wconf 88' lang='lat'>11</span> <span class='ocrx_word' id='word_1_247' title='bbox 517 2207 582 2238; x_wconf 81' lang='lat'>676</span> <span class='ocrx_word' id='word_1_248' title='bbox 606 2215 715 2237; x_wconf 88' lang='lat' dir='ltr'>uerus</span> <span class='ocrx_word' id='word_1_249' title='bbox 740 2206 938 2247; x_wconf 82' lang='lat' dir='ltr'>interpolati</span> <span class='ocrx_word' id='word_1_250' title='bbox 960 2211 992 2237; x_wconf 85' lang='lat' dir='ltr'>et</span> <span class='ocrx_word' id='word_1_251' title='bbox 1018 2207 1186 2237; x_wconf 77' lang='lat' dir='ltr'>Areualus</span> <span class='ocrx_word' id='word_1_252' title='bbox 1262 2205 1306 2237; x_wconf 86' lang='lat'>45</span> <span class='ocrx_word' id='word_1_253' title='bbox 1330 2208 1386 2245; x_wconf 83' lang='lat' dir='ltr'>ty-</span> 
     </span>
     <span class='ocr_line' id='line_1_38' title="bbox 103 2251 989 2318; baseline -0.002 -1"><span class='ocrx_word' id='word_1_254' title='bbox 103 2294 253 2317; x_wconf 70' lang='lat' dir='ltr'>rannum</span> <span class='ocrx_word' id='word_1_255' title='bbox 280 2284 438 2318; x_wconf 79' lang='lat' dir='ltr'>Sirmond</span> <span class='ocrx_word' id='word_1_256' title='bbox 539 2286 581 2317; x_wconf 88' lang='lat'>53</span> <span class='ocrx_word' id='word_1_257' title='bbox 610 2251 768 2317; x_wconf 61' lang='lat' dir='ltr'>ueniaLi.</span> <span class='ocrx_word' id='word_1_258' title='bbox 791 2295 819 2316; x_wconf 86' lang='lat' dir='ltr'>e.</span> <span class='ocrx_word' id='word_1_259' title='bbox 844 2285 989 2316; x_wconf 88' lang='lat' dir='ltr'>ueniam</span> 
     </span>
    </p>
   </div>
   <div class='ocr_carea' id='block_1_5' title="bbox 170 2339 1114 2370">
    <p class='ocr_par' dir='ltr' id='par_1_5' title="bbox 170 2339 1114 2370">
     <span class='ocr_line' id='line_1_39' title="bbox 170 2339 1114 2370; baseline -0.002 -4"><span class='ocrx_word' id='word_1_260' title='bbox 170 2339 344 2366; x_wconf 65' lang='lat' dir='ltr'>DRACO-vn:</span> <span class='ocrx_word' id='word_1_261' title='bbox 363 2340 512 2366; x_wconf 65' lang='lat' dir='ltr'>carmina.</span> <span class='ocrx_word' id='word_1_262' title='bbox 1094 2340 1114 2370; x_wconf 86' lang='grc'><strong>6</strong></span> 
     </span>
    </p>
   </div>
   <div class='ocr_carea' id='block_1_6' title="bbox 0 0 63 2522">
    <p class='ocr_par' dir='ltr' id='par_1_6' title="bbox 0 0 63 2522">
     <span class='ocr_line' id='line_1_40' title="bbox 0 0 63 2522; baseline 0 0"><span class='ocrx_word' id='word_1_263' title='bbox 0 0 63 2522; x_wconf 95' lang='lat' dir='ltr'> </span> 
     </span>
    </p>
   </div>
  </div>
 </body>
</html>
