<?xml version="1.0" encoding="UTF-8"?>
<!DOCTYPE html PUBLIC "-//W3C//DTD XHTML 1.0 Transitional//EN"
    "http://www.w3.org/TR/xhtml1/DTD/xhtml1-transitional.dtd">
<html xmlns="http://www.w3.org/1999/xhtml" xml:lang="en" lang="en">
 <head>
  <title>
</title>
<meta http-equiv="Content-Type" content="text/html;charset=utf-8" />
  <meta name='ocr-system' content='tesseract 3.04.00' />
  <meta name='ocr-capabilities' content='ocr_page ocr_carea ocr_par ocr_line ocrx_word'/>
</head>
<body>
  <div class='ocr_page' id='page_1' title='image "./carminaminoraplu00dracuoft_0053.png"; bbox 0 0 1635 2522; ppageno 0'>
   <div class='ocr_carea' id='block_1_1' title="bbox 0 0 1476 1919">
    <p class='ocr_par' dir='ltr' id='par_1_1' title="bbox 0 0 1476 1919">
     <span class='ocr_line' id='line_1_1' title="bbox 0 0 1357 140; baseline -0.001 -7"><span class='ocrx_word' id='word_1_1' title='bbox 0 0 28 113; x_wconf 62' lang='grc' dir='ltr'>Ι</span> <span class='ocrx_word' id='word_1_2' title='bbox 574 101 663 134; x_wconf 84' lang='lat' dir='ltr'>vm</span> <span class='ocrx_word' id='word_1_3' title='bbox 687 101 865 134; x_wconf 80' lang='lat'>300-362</span> <span class='ocrx_word' id='word_1_4' title='bbox 1237 94 1243 100; x_wconf 88' lang='grc'>·</span> <span class='ocrx_word' id='word_1_5' title='bbox 1302 98 1357 140; x_wconf 87' lang='lat'>41</span> 
     </span>
     <span class='ocr_line' id='line_1_2' title="bbox 164 197 1202 243; baseline -0.005 0"><span class='ocrx_word' id='word_1_6' title='bbox 164 200 258 243; x_wconf 88' lang='lat' dir='ltr'>Nos</span> <span class='ocrx_word' id='word_1_7' title='bbox 278 203 321 242; x_wconf 87' lang='lat' dir='ltr'>et</span> <span class='ocrx_word' id='word_1_8' title='bbox 339 199 575 242; x_wconf 84' lang='lat' dir='ltr'>adoramus.</span> <span class='ocrx_word' id='word_1_9' title='bbox 616 213 705 240; x_wconf 93' lang='lat' dir='ltr'>non</span> <span class='ocrx_word' id='word_1_10' title='bbox 726 199 786 240; x_wconf 89' lang='lat' dir='ltr'>sic</span> <span class='ocrx_word' id='word_1_11' title='bbox 806 199 842 240; x_wconf 91' lang='lat' dir='ltr'>si</span> <span class='ocrx_word' id='word_1_12' title='bbox 862 197 991 240; x_wconf 86' lang='lat' dir='ltr'>Troia</span> <span class='ocrx_word' id='word_1_13' title='bbox 1010 200 1202 239; x_wconf 87' lang='lat' dir='ltr'>maneret</span> 
     </span>
     <span class='ocr_line' id='line_1_3' title="bbox 164 254 1207 310; baseline -0.004 -12"><span class='ocrx_word' id='word_1_14' title='bbox 164 255 208 298; x_wconf 91' lang='lat' dir='ltr'>N</span> <span class='ocrx_word' id='word_1_15' title='bbox 210 256 358 298; x_wconf 87' lang='lat' dir='ltr'>uberet</span> <span class='ocrx_word' id='word_1_16' title='bbox 378 255 578 297; x_wconf 85' lang='lat' dir='ltr'>Hesione.</span> <span class='ocrx_word' id='word_1_17' title='bbox 615 268 793 310; x_wconf 86' lang='lat' dir='ltr'>regnum</span> <span class='ocrx_word' id='word_1_18' title='bbox 815 254 983 308; x_wconf 83' lang='lat' dir='ltr'>captiua</span> <span class='ocrx_word' id='word_1_19' title='bbox 1003 256 1207 307; x_wconf 82' lang='lat' dir='ltr'>meretur,</span> 
     </span>
     <span class='ocr_line' id='line_1_4' title="bbox 164 310 1189 364; baseline -0.004 -10"><span class='ocrx_word' id='word_1_20' title='bbox 164 311 238 354; x_wconf 87' lang='lat' dir='ltr'>Fit</span> <span class='ocrx_word' id='word_1_21' title='bbox 255 311 358 354; x_wconf 85' lang='lat' dir='ltr'><strong>felix</strong></span> <span class='ocrx_word' id='word_1_22' title='bbox 379 311 429 353; x_wconf 94' lang='lat' dir='ltr'>de</span> <span class='ocrx_word' id='word_1_23' title='bbox 448 314 562 353; x_wconf 82' lang='lat' dir='ltr'><strong>sorte</strong></span> <span class='ocrx_word' id='word_1_24' title='bbox 582 310 714 363; x_wconf 88' lang='lat' dir='ltr'>mala,</span> <span class='ocrx_word' id='word_1_25' title='bbox 736 311 785 351; x_wconf 90' lang='lat' dir='ltr'>fit</span> <span class='ocrx_word' id='word_1_26' title='bbox 805 310 961 364; x_wconf 86' lang='lat' dir='ltr'>praeda</span> <span class='ocrx_word' id='word_1_27' title='bbox 980 311 1189 364; x_wconf 82' lang='lat' dir='ltr'>potestas,</span> 
     </span>
     <span class='ocr_line' id='line_1_5' title="bbox 6 355 1149 423; baseline -0.002 -15"><span class='ocrx_word' id='word_1_28' title='bbox 6 355 25 406; x_wconf 56' lang='grc' dir='ltr'>ΤΞ</span> <span class='ocrx_word' id='word_1_29' title='bbox 81 375 148 408; x_wconf 80' lang='grc'>335</span> <span class='ocrx_word' id='word_1_30' title='bbox 163 367 395 423; x_wconf 88' lang='lat' dir='ltr'>Imperium</span> <span class='ocrx_word' id='word_1_31' title='bbox 416 367 466 409; x_wconf 92' lang='lat' dir='ltr'>de</span> <span class='ocrx_word' id='word_1_32' title='bbox 488 366 605 410; x_wconf 87' lang='lat' dir='ltr'>clade</span> <span class='ocrx_word' id='word_1_33' title='bbox 626 370 762 419; x_wconf 82' lang='lat' dir='ltr'>tenet,</span> <span class='ocrx_word' id='word_1_34' title='bbox 785 366 977 407; x_wconf 86' lang='lat' dir='ltr'>diadema</span> <span class='ocrx_word' id='word_1_35' title='bbox 997 365 1149 406; x_wconf 88' lang='lat' dir='ltr'>tiaram</span> 
     </span>
     <span class='ocr_line' id='line_1_6' title="bbox 167 421 1356 478; baseline -0.003 -13"><span class='ocrx_word' id='word_1_36' title='bbox 167 422 249 473; x_wconf 88' lang='lat' dir='ltr'>Qui</span> <span class='ocrx_word' id='word_1_37' title='bbox 266 423 366 465; x_wconf 88' lang='lat' dir='ltr'>tulit</span> <span class='ocrx_word' id='word_1_38' title='bbox 381 424 470 478; x_wconf 89' lang='lat' dir='ltr'>ipse</span> <span class='ocrx_word' id='word_1_39' title='bbox 487 423 613 464; x_wconf 82' lang='lat' dir='ltr'>dedit.</span> <span class='ocrx_word' id='word_1_40' title='bbox 649 436 757 477; x_wconf 86' lang='lat' dir='ltr'>quae</span> <span class='ocrx_word' id='word_1_41' title='bbox 778 423 833 463; x_wconf 87' lang='lat' dir='ltr'>sit</span> <span class='ocrx_word' id='word_1_42' title='bbox 847 436 952 477; x_wconf 87' lang='lat' dir='ltr'>gens</span> <span class='ocrx_word' id='word_1_43' title='bbox 967 421 1182 475; x_wconf 80' lang='lat' dir='ltr'>Dardana,</span> <span class='ocrx_word' id='word_1_44' title='bbox 1203 423 1356 475; x_wconf 83' lang='lat' dir='ltr'>rector,</span> 
     </span>
     <span class='ocr_line' id='line_1_7' title="bbox 164 477 1475 533; baseline -0.005 -11"><span class='ocrx_word' id='word_1_45' title='bbox 164 479 334 521; x_wconf 84' lang='lat' dir='ltr'>Exhinc</span> <span class='ocrx_word' id='word_1_46' title='bbox 353 493 480 521; x_wconf 90' lang='lat' dir='ltr'>nosce</span> <span class='ocrx_word' id='word_1_47' title='bbox 500 493 670 533; x_wconf 86' lang='lat' dir='ltr'>precor:</span> <span class='ocrx_word' id='word_1_48' title='bbox 701 479 836 520; x_wconf 90' lang='lat' dir='ltr'>nescit</span> <span class='ocrx_word' id='word_1_49' title='bbox 857 477 1014 519; x_wconf 89' lang='lat' dir='ltr'>seruire</span> <span class='ocrx_word' id='word_1_50' title='bbox 1038 477 1212 519; x_wconf 83' lang='lat' dir='ltr'>subacta</span> <span class='ocrx_word' id='word_1_51' title='bbox 1368 489 1409 522; x_wconf 80' lang='lat' dir='ltr'>[p.</span> <span class='ocrx_word' id='word_1_52' title='bbox 1429 490 1475 522; x_wconf 86' lang='lat'>51]</span> 
     </span>
     <span class='ocr_line' id='line_1_8' title="bbox 167 533 1308 590; baseline -0.003 -14"><span class='ocrx_word' id='word_1_53' title='bbox 167 534 303 584; x_wconf 86' lang='lat' dir='ltr'>Quam</span> <span class='ocrx_word' id='word_1_54' title='bbox 324 535 474 576; x_wconf 91' lang='lat' dir='ltr'>melius</span> <span class='ocrx_word' id='word_1_55' title='bbox 494 549 672 590; x_wconf 88' lang='lat' dir='ltr'>regnare</span> <span class='ocrx_word' id='word_1_56' title='bbox 693 534 831 588; x_wconf 89' lang='lat' dir='ltr'>decet,</span> <span class='ocrx_word' id='word_1_57' title='bbox 853 534 957 575; x_wconf 86' lang='lat' dir='ltr'>haec</span> <span class='ocrx_word' id='word_1_58' title='bbox 979 533 1160 587; x_wconf 89' lang='lat' dir='ltr'>imperat</span> <span class='ocrx_word' id='word_1_59' title='bbox 1179 533 1308 588; x_wconf 87' lang='lat' dir='ltr'>Argis</span> 
     </span>
     <span class='ocr_line' id='line_1_9' title="bbox 164 589 1359 646; baseline -0.003 -13"><span class='ocrx_word' id='word_1_60' title='bbox 164 591 248 633; x_wconf 93' lang='lat' dir='ltr'>Per</span> <span class='ocrx_word' id='word_1_61' title='bbox 267 605 374 646; x_wconf 89' lang='lat' dir='ltr'>quos</span> <span class='ocrx_word' id='word_1_62' title='bbox 395 591 508 632; x_wconf 81' lang='lat' dir='ltr'>uicta</span> <span class='ocrx_word' id='word_1_63' title='bbox 527 591 650 644; x_wconf 85' lang='lat' dir='ltr'>perit,</span> <span class='ocrx_word' id='word_1_64' title='bbox 673 590 889 632; x_wconf 89' lang='lat' dir='ltr'>dominam</span> <span class='ocrx_word' id='word_1_65' title='bbox 910 589 990 631; x_wconf 90' lang='lat' dir='ltr'>sibi</span> <span class='ocrx_word' id='word_1_66' title='bbox 1008 589 1184 631; x_wconf 82' lang='lat' dir='ltr'>Graecia</span> <span class='ocrx_word' id='word_1_67' title='bbox 1204 589 1359 630; x_wconf 87' lang='lat' dir='ltr'>uictrix</span> 
     </span>
     <span class='ocr_line' id='line_1_10' title="bbox 81 645 1359 700; baseline -0.001 -13"><span class='ocrx_word' id='word_1_68' title='bbox 81 655 148 687; x_wconf 80' lang='lat'>340</span> <span class='ocrx_word' id='word_1_69' title='bbox 161 646 264 689; x_wconf 89' lang='lat' dir='ltr'>Non</span> <span class='ocrx_word' id='word_1_70' title='bbox 284 646 488 688; x_wconf 87' lang='lat' dir='ltr'>famulam</span> <span class='ocrx_word' id='word_1_71' title='bbox 503 646 713 700; x_wconf 83' lang='lat' dir='ltr'>quaesiuit</span> <span class='ocrx_word' id='word_1_72' title='bbox 733 660 879 687; x_wconf 87' lang='lat' dir='ltr'>ouans.</span> <span class='ocrx_word' id='word_1_73' title='bbox 913 645 1106 686; x_wconf 83' lang='lat' dir='ltr'>miranda</span> <span class='ocrx_word' id='word_1_74' title='bbox 1122 659 1197 699; x_wconf 83' lang='lat' dir='ltr'>per</span> <span class='ocrx_word' id='word_1_75' title='bbox 1212 645 1359 686; x_wconf 93' lang='lat' dir='ltr'>orbem</span> 
     </span>
     <span class='ocr_line' id='line_1_11' title="bbox 165 701 1358 757; baseline -0.002 -13"><span class='ocrx_word' id='word_1_76' title='bbox 165 701 287 744; x_wconf 89' lang='lat' dir='ltr'>Mens</span> <span class='ocrx_word' id='word_1_77' title='bbox 309 716 515 757; x_wconf 83' lang='lat' dir='ltr'>generosa</span> <span class='ocrx_word' id='word_1_78' title='bbox 535 701 652 743; x_wconf 88' lang='lat' dir='ltr'>ducis</span> <span class='ocrx_word' id='word_1_79' title='bbox 675 716 782 756; x_wconf 89' lang='lat' dir='ltr'>quae</span> <span class='ocrx_word' id='word_1_80' title='bbox 802 716 891 743; x_wconf 92' lang='lat' dir='ltr'>non</span> <span class='ocrx_word' id='word_1_81' title='bbox 912 701 1007 742; x_wconf 87' lang='lat' dir='ltr'>uult</span> <span class='ocrx_word' id='word_1_82' title='bbox 1029 715 1160 756; x_wconf 86' lang='lat' dir='ltr'>regna</span> <span class='ocrx_word' id='word_1_83' title='bbox 1180 715 1358 756; x_wconf 75' lang='lat' dir='ltr'>grauate</span> 
     </span>
     <span class='ocr_line' id='line_1_12' title="bbox 166 757 1178 800; baseline -0.001 -1"><span class='ocrx_word' id='word_1_84' title='bbox 166 758 274 800; x_wconf 88' lang='lat' dir='ltr'>Cum</span> <span class='ocrx_word' id='word_1_85' title='bbox 294 758 460 799; x_wconf 89' lang='lat' dir='ltr'>ruerint</span> <span class='ocrx_word' id='word_1_86' title='bbox 479 758 637 799; x_wconf 83' lang='lat' dir='ltr'>uirtute</span> <span class='ocrx_word' id='word_1_87' title='bbox 658 760 743 799; x_wconf 84' lang='lat' dir='ltr'>tua.</span> <span class='ocrx_word' id='word_1_88' title='bbox 784 758 972 799; x_wconf 86' lang='lat' dir='ltr'>releuare</span> <span class='ocrx_word' id='word_1_89' title='bbox 993 757 1178 798; x_wconf 83' lang='lat' dir='ltr'>iacentes</span> 
     </span>
     <span class='ocr_line' id='line_1_13' title="bbox 166 814 1091 869; baseline -0.002 -14"><span class='ocrx_word' id='word_1_90' title='bbox 166 814 225 855; x_wconf 86' lang='lat' dir='ltr'>Et</span> <span class='ocrx_word' id='word_1_91' title='bbox 243 827 366 869; x_wconf 89' lang='lat' dir='ltr'>reges</span> <span class='ocrx_word' id='word_1_92' title='bbox 386 828 563 869; x_wconf 87' lang='lat' dir='ltr'>regnare</span> <span class='ocrx_word' id='word_1_93' title='bbox 585 814 703 855; x_wconf 87' lang='lat' dir='ltr'>iubes</span> <span class='ocrx_word' id='word_1_94' title='bbox 724 828 929 869; x_wconf 84' lang='lat' dir='ltr'>regesque</span> <span class='ocrx_word' id='word_1_95' title='bbox 951 827 1091 854; x_wconf 87' lang='lat' dir='ltr'>creare</span> 
     </span>
     <span class='ocr_line' id='line_1_14' title="bbox 164 868 1190 924; baseline -0.002 -13"><span class='ocrx_word' id='word_1_96' title='bbox 164 869 280 911; x_wconf 90' lang='lat' dir='ltr'>Dum</span> <span class='ocrx_word' id='word_1_97' title='bbox 299 874 475 924; x_wconf 79' lang='lat' dir='ltr'>possent</span> <span class='ocrx_word' id='word_1_98' title='bbox 495 871 654 911; x_wconf 89' lang='lat' dir='ltr'>seruire</span> <span class='ocrx_word' id='word_1_99' title='bbox 677 870 768 911; x_wconf 84' lang='lat' dir='ltr'>tibi.</span> <span class='ocrx_word' id='word_1_100' title='bbox 812 884 902 911; x_wconf 88' lang='lat' dir='ltr'>sors</span> <span class='ocrx_word' id='word_1_101' title='bbox 923 883 1040 910; x_wconf 84' lang='lat' dir='ltr'>cassa</span> <span class='ocrx_word' id='word_1_102' title='bbox 1061 868 1190 910; x_wconf 89' lang='lat' dir='ltr'>duelli</span> 
     </span>
     <span class='ocr_line' id='line_1_15' title="bbox 35 925 1249 980; baseline 0 -14"><span class='ocrx_word' id='word_1_103' title='bbox 35 929 37 931; x_wconf 82' lang='grc'><strong>’</strong></span> <span class='ocrx_word' id='word_1_104' title='bbox 79 933 145 966; x_wconf 82' lang='grc'>345</span> <span class='ocrx_word' id='word_1_105' title='bbox 161 925 222 967; x_wconf 89' lang='lat' dir='ltr'>Te</span> <span class='ocrx_word' id='word_1_106' title='bbox 242 925 487 967; x_wconf 74' lang='lat' dir='ltr'>moderante</span> <span class='ocrx_word' id='word_1_107' title='bbox 508 929 632 967; x_wconf 88' lang='lat' dir='ltr'>uacat</span> <span class='ocrx_word' id='word_1_108' title='bbox 651 940 729 967; x_wconf 91' lang='lat' dir='ltr'>nec</span> <span class='ocrx_word' id='word_1_109' title='bbox 751 928 932 980; x_wconf 88' lang='lat' dir='ltr'>possunt</span> <span class='ocrx_word' id='word_1_110' title='bbox 952 925 1063 966; x_wconf 90' lang='lat' dir='ltr'>bella</span> <span class='ocrx_word' id='word_1_111' title='bbox 1083 939 1249 966; x_wconf 87' lang='lat' dir='ltr'>nocere.</span> 
     </span>
     <span class='ocr_line' id='line_1_16' title="bbox 164 981 1246 1036; baseline -0.002 -13"><span class='ocrx_word' id='word_1_112' title='bbox 164 981 224 1023; x_wconf 90' lang='lat' dir='ltr'>Te</span> <span class='ocrx_word' id='word_1_113' title='bbox 245 982 443 1023; x_wconf 86' lang='lat' dir='ltr'>uincente</span> <span class='ocrx_word' id='word_1_114' title='bbox 463 985 616 1036; x_wconf 81' lang='lat' dir='ltr'>potens</span> <span class='ocrx_word' id='word_1_115' title='bbox 641 982 735 1036; x_wconf 90' lang='lat' dir='ltr'>quis</span> <span class='ocrx_word' id='word_1_116' title='bbox 758 982 868 1023; x_wconf 89' lang='lat' dir='ltr'>nolit</span> <span class='ocrx_word' id='word_1_117' title='bbox 892 982 1029 1022; x_wconf 89' lang='lat' dir='ltr'>uictus</span> <span class='ocrx_word' id='word_1_118' title='bbox 1050 981 1095 1022; x_wconf 90' lang='lat' dir='ltr'>in</span> <span class='ocrx_word' id='word_1_119' title='bbox 1117 981 1246 1022; x_wconf 88' lang='lat' dir='ltr'>armis</span> 
     </span>
     <span class='ocr_line' id='line_1_17' title="bbox 166 1036 1220 1092; baseline -0.002 -13"><span class='ocrx_word' id='word_1_120' title='bbox 166 1036 289 1079; x_wconf 83' lang='lat' dir='ltr'>Sorte</span> <span class='ocrx_word' id='word_1_121' title='bbox 310 1041 384 1079; x_wconf 83' lang='lat' dir='ltr'>tua</span> <span class='ocrx_word' id='word_1_122' title='bbox 403 1041 501 1092; x_wconf 89' lang='lat' dir='ltr'>post</span> <span class='ocrx_word' id='word_1_123' title='bbox 522 1037 632 1079; x_wconf 89' lang='lat' dir='ltr'>bella</span> <span class='ocrx_word' id='word_1_124' title='bbox 652 1037 778 1092; x_wconf 80' lang='lat' dir='ltr'>capi?</span> <span class='ocrx_word' id='word_1_125' title='bbox 818 1037 891 1092; x_wconf 91' lang='lat' dir='ltr'>qui</span> <span class='ocrx_word' id='word_1_126' title='bbox 913 1037 1064 1078; x_wconf 89' lang='lat' dir='ltr'>uicerit</span> <span class='ocrx_word' id='word_1_127' title='bbox 1085 1037 1220 1078; x_wconf 87' lang='lat' dir='ltr'>hostis</span> 
     </span>
     <span class='ocr_line' id='line_1_18' title="bbox 165 1092 1206 1148; baseline -0.001 -14"><span class='ocrx_word' id='word_1_128' title='bbox 165 1092 333 1135; x_wconf 88' lang='lat' dir='ltr'>Seruiet</span> <span class='ocrx_word' id='word_1_129' title='bbox 353 1097 396 1135; x_wconf 92' lang='lat' dir='ltr'>et</span> <span class='ocrx_word' id='word_1_130' title='bbox 415 1094 519 1135; x_wconf 89' lang='lat' dir='ltr'>uicti</span> <span class='ocrx_word' id='word_1_131' title='bbox 539 1094 690 1135; x_wconf 86' lang='lat' dir='ltr'>melius</span> <span class='ocrx_word' id='word_1_132' title='bbox 710 1097 752 1135; x_wconf 88' lang='lat' dir='ltr'>te</span> <span class='ocrx_word' id='word_1_133' title='bbox 773 1093 966 1148; x_wconf 83' lang='lat' dir='ltr'>praesule</span> <span class='ocrx_word' id='word_1_134' title='bbox 987 1096 1182 1147; x_wconf 84' lang='lat' dir='ltr'>regnant.</span> <span class='ocrx_word' id='word_1_135' title='bbox 1195 1097 1206 1112; x_wconf 91' lang='lat'>’</span> 
     </span>
     <span class='ocr_line' id='line_1_19' title="bbox 164 1148 1210 1205; baseline -0.001 -15"><span class='ocrx_word' id='word_1_136' title='bbox 164 1148 281 1191; x_wconf 81' lang='lat' dir='ltr'>Haec</span> <span class='ocrx_word' id='word_1_137' title='bbox 301 1149 467 1205; x_wconf 87' lang='lat' dir='ltr'>legatus</span> <span class='ocrx_word' id='word_1_138' title='bbox 488 1150 558 1191; x_wconf 89' lang='lat' dir='ltr'>ait.</span> <span class='ocrx_word' id='word_1_139' title='bbox 601 1150 714 1205; x_wconf 88' lang='lat' dir='ltr'>regis</span> <span class='ocrx_word' id='word_1_140' title='bbox 734 1150 818 1191; x_wconf 90' lang='lat' dir='ltr'>iam</span> <span class='ocrx_word' id='word_1_141' title='bbox 840 1149 967 1191; x_wconf 85' lang='lat' dir='ltr'>corda</span> <span class='ocrx_word' id='word_1_142' title='bbox 986 1151 1210 1202; x_wconf 83' lang='lat' dir='ltr'>tepescunt</span> 
     </span>
     <span class='ocr_line' id='line_1_20' title="bbox 79 1203 1265 1260; baseline 0.001 -16"><span class='ocrx_word' id='word_1_143' title='bbox 79 1212 147 1244; x_wconf 82' lang='lat'>350</span> <span class='ocrx_word' id='word_1_144' title='bbox 164 1203 281 1254; x_wconf 86' lang='lat' dir='ltr'>Quae</span> <span class='ocrx_word' id='word_1_145' title='bbox 301 1205 473 1246; x_wconf 89' lang='lat' dir='ltr'>fuerant</span> <span class='ocrx_word' id='word_1_146' title='bbox 493 1219 669 1247; x_wconf 84' lang='lat' dir='ltr'>aceensa</span> <span class='ocrx_word' id='word_1_147' title='bbox 691 1206 830 1247; x_wconf 90' lang='lat' dir='ltr'>minis.</span> <span class='ocrx_word' id='word_1_148' title='bbox 872 1206 932 1246; x_wconf 88' lang='lat' dir='ltr'>sic</span> <span class='ocrx_word' id='word_1_149' title='bbox 952 1219 1109 1260; x_wconf 88' lang='lat' dir='ltr'>magna</span> <span class='ocrx_word' id='word_1_150' title='bbox 1129 1205 1265 1246; x_wconf 87' lang='lat' dir='ltr'>leonis</span> 
     </span>
     <span class='ocr_line' id='line_1_21' title="bbox 162 1260 1220 1315; baseline -0.001 -13"><span class='ocrx_word' id='word_1_151' title='bbox 162 1260 232 1302; x_wconf 82' lang='lat' dir='ltr'>Ira</span> <span class='ocrx_word' id='word_1_152' title='bbox 251 1261 396 1303; x_wconf 88' lang='lat' dir='ltr'>fremit</span> <span class='ocrx_word' id='word_1_153' title='bbox 415 1275 511 1302; x_wconf 90' lang='lat' dir='ltr'>cum</span> <span class='ocrx_word' id='word_1_154' title='bbox 532 1262 620 1302; x_wconf 81' lang='lat' dir='ltr'>lata</span> <span class='ocrx_word' id='word_1_155' title='bbox 639 1262 788 1315; x_wconf 89' lang='lat' dir='ltr'>procul</span> <span class='ocrx_word' id='word_1_156' title='bbox 810 1261 1024 1302; x_wconf 88' lang='lat' dir='ltr'>uenabula</span> <span class='ocrx_word' id='word_1_157' title='bbox 1044 1275 1220 1301; x_wconf 89' lang='lat' dir='ltr'>cernens</span> 
     </span>
     <span class='ocr_line' id='line_1_22' title="bbox 163 1315 1209 1371; baseline -0.001 -13"><span class='ocrx_word' id='word_1_158' title='bbox 163 1315 375 1359; x_wconf 84' lang='lat' dir='ltr'>Uenantis</span> <span class='ocrx_word' id='word_1_159' title='bbox 395 1318 578 1371; x_wconf 86' lang='lat' dir='ltr'>crispare</span> <span class='ocrx_word' id='word_1_160' title='bbox 600 1332 728 1359; x_wconf 90' lang='lat' dir='ltr'>manu</span> <span class='ocrx_word' id='word_1_161' title='bbox 750 1318 834 1358; x_wconf 89' lang='lat' dir='ltr'>iam</span> <span class='ocrx_word' id='word_1_162' title='bbox 855 1317 1033 1359; x_wconf 87' lang='lat' dir='ltr'>uerbera</span> <span class='ocrx_word' id='word_1_163' title='bbox 1053 1316 1209 1358; x_wconf 88' lang='lat' dir='ltr'>caudae</span> 
     </span>
     <span class='ocr_line' id='line_1_23' title="bbox 163 1371 1245 1428; baseline -0.001 -14"><span class='ocrx_word' id='word_1_164' title='bbox 163 1371 350 1414; x_wconf 84' lang='lat' dir='ltr'>Naribus</span> <span class='ocrx_word' id='word_1_165' title='bbox 370 1373 580 1415; x_wconf 89' lang='lat' dir='ltr'>incutiens</span> <span class='ocrx_word' id='word_1_166' title='bbox 601 1374 765 1428; x_wconf 84' lang='lat' dir='ltr'>spargit</span> <span class='ocrx_word' id='word_1_167' title='bbox 785 1388 860 1427; x_wconf 92' lang='lat' dir='ltr'>per</span> <span class='ocrx_word' id='word_1_168' title='bbox 880 1373 991 1415; x_wconf 85' lang='lat' dir='ltr'>colla</span> <span class='ocrx_word' id='word_1_169' title='bbox 1010 1387 1086 1426; x_wconf 91' lang='lat' dir='ltr'>per</span> <span class='ocrx_word' id='word_1_170' title='bbox 1106 1387 1245 1413; x_wconf 89' lang='lat' dir='ltr'>armos</span> 
     </span>
     <span class='ocr_line' id='line_1_24' title="bbox 162 1428 1115 1482; baseline -0.001 -12"><span class='ocrx_word' id='word_1_171' title='bbox 162 1428 319 1470; x_wconf 84' lang='lat' dir='ltr'>Erecta</span> <span class='ocrx_word' id='word_1_172' title='bbox 339 1429 502 1471; x_wconf 88' lang='lat' dir='ltr'>ceruice</span> <span class='ocrx_word' id='word_1_173' title='bbox 525 1430 667 1482; x_wconf 86' lang='lat' dir='ltr'>iubas,</span> <span class='ocrx_word' id='word_1_174' title='bbox 690 1430 774 1471; x_wconf 89' lang='lat' dir='ltr'>iam</span> <span class='ocrx_word' id='word_1_175' title='bbox 794 1429 984 1471; x_wconf 83' lang='lat' dir='ltr'>tenditur</span> <span class='ocrx_word' id='word_1_176' title='bbox 1004 1428 1115 1469; x_wconf 88' lang='lat' dir='ltr'>altus</span> 
     </span>
     <span class='ocr_line' id='line_1_25' title="bbox 78 1483 1166 1540; baseline 0.002 -17"><span class='ocrx_word' id='word_1_177' title='bbox 78 1491 144 1524; x_wconf 81' lang='lat'>355</span> <span class='ocrx_word' id='word_1_178' title='bbox 161 1483 373 1526; x_wconf 88' lang='lat' dir='ltr'>Dentibus</span> <span class='ocrx_word' id='word_1_179' title='bbox 394 1485 530 1526; x_wconf 89' lang='lat' dir='ltr'>inlisis</span> <span class='ocrx_word' id='word_1_180' title='bbox 552 1489 594 1526; x_wconf 89' lang='lat' dir='ltr'>et</span> <span class='ocrx_word' id='word_1_181' title='bbox 614 1489 760 1540; x_wconf 85' lang='lat' dir='ltr'>pectus</span> <span class='ocrx_word' id='word_1_182' title='bbox 782 1485 940 1540; x_wconf 85' lang='lat' dir='ltr'>grande</span> <span class='ocrx_word' id='word_1_183' title='bbox 962 1484 1166 1539; x_wconf 86' lang='lat' dir='ltr'>remugit,</span> 
     </span>
     <span class='ocr_line' id='line_1_26' title="bbox 162 1539 1358 1595; baseline -0.001 -13"><span class='ocrx_word' id='word_1_184' title='bbox 162 1539 362 1582; x_wconf 86' lang='lat' dir='ltr'>Flumina</span> <span class='ocrx_word' id='word_1_185' title='bbox 381 1544 483 1582; x_wconf 87' lang='lat' dir='ltr'>tunc</span> <span class='ocrx_word' id='word_1_186' title='bbox 500 1545 714 1595; x_wconf 73' lang='lat' dir='ltr'>resonant,</span> <span class='ocrx_word' id='word_1_187' title='bbox 735 1544 902 1583; x_wconf 89' lang='lat' dir='ltr'>montes</span> <span class='ocrx_word' id='word_1_188' title='bbox 922 1544 964 1582; x_wconf 88' lang='lat' dir='ltr'>et</span> <span class='ocrx_word' id='word_1_189' title='bbox 979 1541 1112 1581; x_wconf 86' lang='lat' dir='ltr'>lustra</span> <span class='ocrx_word' id='word_1_190' title='bbox 1128 1540 1358 1582; x_wconf 83' lang='lat' dir='ltr'>resultant:</span> 
     </span>
     <span class='ocr_line' id='line_1_27' title="bbox 163 1596 1080 1652; baseline 0 -15"><span class='ocrx_word' id='word_1_191' title='bbox 163 1598 246 1637; x_wconf 85' lang='lat' dir='ltr'>Ast</span> <span class='ocrx_word' id='word_1_192' title='bbox 266 1597 338 1638; x_wconf 91' lang='lat' dir='ltr'>ubi</span> <span class='ocrx_word' id='word_1_193' title='bbox 360 1600 539 1639; x_wconf 86' lang='lat' dir='ltr'>uenator</span> <span class='ocrx_word' id='word_1_194' title='bbox 559 1598 715 1639; x_wconf 82' lang='lat' dir='ltr'>reiecta</span> <span class='ocrx_word' id='word_1_195' title='bbox 737 1597 909 1652; x_wconf 83' lang='lat' dir='ltr'>cuspide</span> <span class='ocrx_word' id='word_1_196' title='bbox 930 1596 1080 1638; x_wconf 88' lang='lat' dir='ltr'>sollers</span> 
     </span>
     <span class='ocr_line' id='line_1_28' title="bbox 165 1651 1250 1708; baseline -0.001 -14"><span class='ocrx_word' id='word_1_197' title='bbox 165 1651 327 1706; x_wconf 87' lang='lat' dir='ltr'>Sponte</span> <span class='ocrx_word' id='word_1_198' title='bbox 349 1653 462 1694; x_wconf 88' lang='lat' dir='ltr'>cadit</span> <span class='ocrx_word' id='word_1_199' title='bbox 482 1668 726 1708; x_wconf 86' lang='lat' dir='ltr'>pronusque</span> <span class='ocrx_word' id='word_1_200' title='bbox 747 1654 876 1706; x_wconf 82' lang='lat' dir='ltr'>iacet,</span> <span class='ocrx_word' id='word_1_201' title='bbox 899 1653 1011 1707; x_wconf 91' lang='lat' dir='ltr'>perit</span> <span class='ocrx_word' id='word_1_202' title='bbox 1031 1653 1094 1693; x_wconf 83' lang='lat' dir='ltr'>ira</span> <span class='ocrx_word' id='word_1_203' title='bbox 1114 1652 1250 1694; x_wconf 89' lang='lat' dir='ltr'>leonis</span> 
     </span>
     <span class='ocr_line' id='line_1_29' title="bbox 164 1707 1264 1763; baseline 0 -14"><span class='ocrx_word' id='word_1_204' title='bbox 164 1707 305 1762; x_wconf 87' lang='lat' dir='ltr'>Turpe</span> <span class='ocrx_word' id='word_1_205' title='bbox 325 1712 482 1763; x_wconf 88' lang='lat' dir='ltr'>putans</span> <span class='ocrx_word' id='word_1_206' title='bbox 503 1723 591 1751; x_wconf 89' lang='lat' dir='ltr'>non</span> <span class='ocrx_word' id='word_1_207' title='bbox 613 1709 737 1751; x_wconf 85' lang='lat' dir='ltr'>dente</span> <span class='ocrx_word' id='word_1_208' title='bbox 759 1723 835 1751; x_wconf 89' lang='lat' dir='ltr'>suo</span> <span class='ocrx_word' id='word_1_209' title='bbox 857 1709 892 1750; x_wconf 89' lang='lat' dir='ltr'>si</span> <span class='ocrx_word' id='word_1_210' title='bbox 913 1709 1070 1763; x_wconf 86' lang='lat' dir='ltr'>praeda</span> <span class='ocrx_word' id='word_1_211' title='bbox 1090 1708 1264 1762; x_wconf 82' lang='lat' dir='ltr'>iacebit,</span> 
     </span>
     <span class='ocr_line' id='line_1_30' title="bbox 77 1763 1476 1820; baseline 0 -17"><span class='ocrx_word' id='word_1_212' title='bbox 77 1771 144 1803; x_wconf 85' lang='grc'>360</span> <span class='ocrx_word' id='word_1_213' title='bbox 162 1763 334 1806; x_wconf 87' lang='lat' dir='ltr'>Temnit</span> <span class='ocrx_word' id='word_1_214' title='bbox 353 1765 510 1819; x_wconf 85' lang='lat' dir='ltr'>praedo</span> <span class='ocrx_word' id='word_1_215' title='bbox 533 1766 650 1806; x_wconf 91' lang='lat' dir='ltr'>cibos</span> <span class='ocrx_word' id='word_1_216' title='bbox 672 1780 778 1820; x_wconf 90' lang='lat' dir='ltr'>quos</span> <span class='ocrx_word' id='word_1_217' title='bbox 798 1780 887 1806; x_wconf 91' lang='lat' dir='ltr'>non</span> <span class='ocrx_word' id='word_1_218' title='bbox 908 1765 1011 1806; x_wconf 85' lang='lat' dir='ltr'>facit</span> <span class='ocrx_word' id='word_1_219' title='bbox 1031 1765 1120 1819; x_wconf 88' lang='lat' dir='ltr'>ipse</span> <span class='ocrx_word' id='word_1_220' title='bbox 1143 1765 1321 1806; x_wconf 87' lang='lat' dir='ltr'>cadauer</span> <span class='ocrx_word' id='word_1_221' title='bbox 1369 1777 1409 1808; x_wconf 81' lang='lat' dir='ltr'>[p.</span> <span class='ocrx_word' id='word_1_222' title='bbox 1429 1778 1476 1810; x_wconf 84' lang='lat'>52]</span> 
     </span>
     <span class='ocr_line' id='line_1_31' title="bbox 163 1819 1029 1875; baseline 0.001 -14"><span class='ocrx_word' id='word_1_223' title='bbox 163 1819 183 1861; x_wconf 87' lang='grc' dir='ltr'>Ι</span> <span class='ocrx_word' id='word_1_224' title='bbox 247 1834 396 1862; x_wconf 90' lang='lat' dir='ltr'>oscens</span> <span class='ocrx_word' id='word_1_225' title='bbox 416 1821 586 1863; x_wconf 86' lang='lat' dir='ltr'>feritate</span> <span class='ocrx_word' id='word_1_226' title='bbox 607 1822 678 1875; x_wconf 88' lang='lat' dir='ltr'>pia</span> <span class='ocrx_word' id='word_1_227' title='bbox 699 1821 865 1863; x_wconf 87' lang='lat' dir='ltr'>ueniale</span> <span class='ocrx_word' id='word_1_228' title='bbox 886 1824 1029 1862; x_wconf 86' lang='lat' dir='ltr'>reatus</span> 
     </span>
     <span class='ocr_line' id='line_1_32' title="bbox 209 1877 1189 1919; baseline 0 -2"><span class='ocrx_word' id='word_1_229' title='bbox 209 1879 359 1918; x_wconf 84' lang='lat' dir='ltr'>enator</span> <span class='ocrx_word' id='word_1_230' title='bbox 378 1877 412 1918; x_wconf 90' lang='lat' dir='ltr'>si</span> <span class='ocrx_word' id='word_1_231' title='bbox 435 1881 569 1918; x_wconf 84' lang='lat' dir='ltr'>cesset</span> <span class='ocrx_word' id='word_1_232' title='bbox 590 1877 716 1919; x_wconf 88' lang='lat' dir='ltr'>iners.</span> <span class='ocrx_word' id='word_1_233' title='bbox 757 1878 816 1919; x_wconf 89' lang='lat' dir='ltr'>sic</span> <span class='ocrx_word' id='word_1_234' title='bbox 838 1880 977 1919; x_wconf 83' lang='lat' dir='ltr'>rector</span> <span class='ocrx_word' id='word_1_235' title='bbox 997 1877 1189 1918; x_wconf 88' lang='lat' dir='ltr'>Achiuus</span> 
     </span>
    </p>
   </div>
   <div class='ocr_carea' id='block_1_2' title="bbox 76 2001 1359 2179">
    <p class='ocr_par' dir='ltr' id='par_1_2' title="bbox 76 2001 1359 2179">
     <span class='ocr_line' id='line_1_33' title="bbox 167 2001 1359 2034; baseline 0.001 -1"><span class='ocrx_word' id='word_1_236' title='bbox 167 2002 234 2033; x_wconf 87' lang='lat'>333</span> <span class='ocrx_word' id='word_1_237' title='bbox 259 2001 412 2033; x_wconf 81' lang='lat' dir='ltr'>meietur</span> <span class='ocrx_word' id='word_1_238' title='bbox 495 2003 561 2034; x_wconf 79' lang='lat'>334</span> <span class='ocrx_word' id='word_1_239' title='bbox 586 2002 698 2034; x_wconf 79' lang='lat' dir='ltr'>foelix</span> <span class='ocrx_word' id='word_1_240' title='bbox 783 2003 848 2034; x_wconf 66' lang='lat'>312</span> <span class='ocrx_word' id='word_1_241' title='bbox 874 2001 961 2033; x_wconf 89' lang='lat' dir='ltr'>Cum</span> <span class='ocrx_word' id='word_1_242' title='bbox 987 2001 1128 2034; x_wconf 84' lang='lat' dir='ltr'>ruerint</span> <span class='ocrx_word' id='word_1_243' title='bbox 1152 2002 1271 2034; x_wconf 83' lang='lat' dir='ltr'>uritur</span> <span class='ocrx_word' id='word_1_244' title='bbox 1294 2004 1359 2034; x_wconf 78' lang='lat' dir='ltr'>tua</span> 
     </span>
     <span class='ocr_line' id='line_1_34' title="bbox 76 2044 1359 2087; baseline 0.001 -10"><span class='ocrx_word' id='word_1_245' title='bbox 76 2044 245 2078; x_wconf 77' lang='lat' dir='ltr'>releuare</span> <span class='ocrx_word' id='word_1_246' title='bbox 270 2056 359 2078; x_wconf 81' lang='lat' dir='ltr'>corr.</span> <span class='ocrx_word' id='word_1_247' title='bbox 382 2045 507 2078; x_wconf 78' lang='lat' dir='ltr'>Buech.</span> <span class='ocrx_word' id='word_1_248' title='bbox 579 2048 644 2079; x_wconf 77' lang='lat'>344</span> <span class='ocrx_word' id='word_1_249' title='bbox 669 2047 805 2079; x_wconf 85' lang='lat' dir='ltr'>seruite</span> <span class='ocrx_word' id='word_1_250' title='bbox 831 2058 920 2081; x_wconf 83' lang='lat' dir='ltr'>corr.</span> <span class='ocrx_word' id='word_1_251' title='bbox 949 2047 1020 2078; x_wconf 74' lang='lat' dir='ltr'>[M</span> <span class='ocrx_word' id='word_1_252' title='bbox 1087 2048 1150 2079; x_wconf 87' lang='lat'>351</span> <span class='ocrx_word' id='word_1_253' title='bbox 1174 2047 1258 2087; x_wconf 81' lang='lat' dir='ltr'>fort.</span> <span class='ocrx_word' id='word_1_254' title='bbox 1281 2057 1359 2079; x_wconf 89' lang='lat' dir='ltr'>cer-</span> 
     </span>
     <span class='ocr_line' id='line_1_35' title="bbox 76 2091 1357 2124; baseline 0 -2"><span class='ocrx_word' id='word_1_255' title='bbox 76 2093 143 2122; x_wconf 77' lang='lat' dir='ltr'>nat</span> <span class='ocrx_word' id='word_1_256' title='bbox 167 2091 233 2122; x_wconf 73' lang='lat' dir='ltr'>nisi</span> <span class='ocrx_word' id='word_1_257' title='bbox 255 2101 373 2122; x_wconf 78' lang='lat' dir='ltr'>uer-sus</span> <span class='ocrx_word' id='word_1_258' title='bbox 397 2092 526 2122; x_wconf 73' lang='lat' dir='ltr'>excidit</span> <span class='ocrx_word' id='word_1_259' title='bbox 600 2093 666 2124; x_wconf 85' lang='lat'>350</span> <span class='ocrx_word' id='word_1_260' title='bbox 691 2092 798 2124; x_wconf 87' lang='lat' dir='ltr'>nimis</span> <span class='ocrx_word' id='word_1_261' title='bbox 819 2102 908 2124; x_wconf 77' lang='lat' dir='ltr'>corr.</span> <span class='ocrx_word' id='word_1_262' title='bbox 926 2091 1052 2123; x_wconf 77' lang='lat' dir='ltr'>Buech.</span> <span class='ocrx_word' id='word_1_263' title='bbox 1123 2092 1188 2123; x_wconf 80' lang='lat'>352</span> <span class='ocrx_word' id='word_1_264' title='bbox 1213 2101 1357 2123; x_wconf 81' lang='lat' dir='ltr'>manum</span> 
     </span>
     <span class='ocr_line' id='line_1_36' title="bbox 77 2134 1357 2179; baseline 0.002 -13"><span class='ocrx_word' id='word_1_265' title='bbox 77 2134 147 2166; x_wconf 83' lang='lat' dir='ltr'>IM</span> <span class='ocrx_word' id='word_1_266' title='bbox 171 2139 208 2167; x_wconf 79' lang='lat' dir='ltr'>ot</span> <span class='ocrx_word' id='word_1_267' title='bbox 229 2136 390 2176; x_wconf 77' lang='lat' dir='ltr'>conferas</span> <span class='ocrx_word' id='word_1_268' title='bbox 414 2137 554 2168; x_wconf 81' lang='lat' dir='ltr'>indicem</span> <span class='ocrx_word' id='word_1_269' title='bbox 578 2146 606 2167; x_wconf 74' lang='lat' dir='ltr'>s.</span> <span class='ocrx_word' id='word_1_270' title='bbox 624 2148 656 2170; x_wconf 87' lang='lat' dir='ltr'>u.</span> <span class='ocrx_word' id='word_1_271' title='bbox 683 2138 839 2179; x_wconf 81' lang='lat' dir='ltr'>crispare</span> <span class='ocrx_word' id='word_1_272' title='bbox 915 2139 981 2169; x_wconf 87' lang='lat'>353</span> <span class='ocrx_word' id='word_1_273' title='bbox 1006 2135 1180 2179; x_wconf 80' lang='lat' dir='ltr'>Naribus]</span> <span class='ocrx_word' id='word_1_274' title='bbox 1208 2136 1357 2168; x_wconf 81' lang='lat' dir='ltr'>natibus</span> 
     </span>
    </p>
   </div>
   <div class='ocr_carea' id='block_1_3' title="bbox 76 2179 1357 2235">
    <p class='ocr_par' dir='ltr' id='par_1_3' title="bbox 76 2179 1357 2235">
     <span class='ocr_line' id='line_1_37' title="bbox 76 2179 1357 2235; baseline 0.002 -13"><span class='ocrx_word' id='word_1_275' title='bbox 76 2189 150 2222; x_wconf 88' lang='lat' dir='ltr'>IM</span> <span class='ocrx_word' id='word_1_276' title='bbox 161 2195 267 2224; x_wconf 85' lang='lat' dir='ltr'>metro</span> <span class='ocrx_word' id='word_1_277' title='bbox 282 2195 502 2233; x_wconf 62' lang='lat' dir='ltr'>repugnante.</span> <span class='ocrx_word' id='word_1_278' title='bbox 530 2194 692 2234; x_wconf 78' lang='lat' dir='ltr'>temptaui</span> <span class='ocrx_word' id='word_1_279' title='bbox 709 2193 876 2225; x_wconf 83' lang='lat' dir='ltr'>clunibus</span> <span class='ocrx_word' id='word_1_280' title='bbox 934 2194 1000 2226; x_wconf 85' lang='lat'>360</span> <span class='ocrx_word' id='word_1_281' title='bbox 1017 2179 1130 2235; x_wconf 50' lang='lat' dir='ltr'>preda</span> <span class='ocrx_word' id='word_1_282' title='bbox 1147 2190 1151 2233; x_wconf 87' lang='grc' dir='ltr'>Ι</span> <span class='ocrx_word' id='word_1_283' title='bbox 1170 2193 1258 2225; x_wconf 85' lang='lat' dir='ltr'>fecit</span> <span class='ocrx_word' id='word_1_284' title='bbox 1275 2203 1357 2224; x_wconf 82' lang='lat' dir='ltr'>con-</span> 
     </span>
    </p>
   </div>
   <div class='ocr_carea' id='block_1_4' title="bbox 72 2235 1355 2312">
    <p class='ocr_par' dir='ltr' id='par_1_4' title="bbox 72 2235 1355 2312">
     <span class='ocr_line' id='line_1_38' title="bbox 72 2235 1355 2312; baseline 0.001 -44"><span class='ocrx_word' id='word_1_285' title='bbox 72 2235 172 2312; x_wconf 49' lang='lat' dir='ltr'>§ellim</span> <span class='ocrx_word' id='word_1_286' title='bbox 186 2246 315 2268; x_wconf 77' lang='lat' dir='ltr'>uersum</span> <span class='ocrx_word' id='word_1_287' title='bbox 333 2240 509 2278; x_wconf 77' lang='lat' dir='ltr'>repetitum</span> <span class='ocrx_word' id='word_1_288' title='bbox 527 2239 559 2269; x_wconf 88' lang='lat' dir='ltr'>in</span> <span class='ocrx_word' id='word_1_289' title='bbox 578 2237 821 2278; x_wconf 74' lang='lat' dir='ltr'>Satisfaclione</span> <span class='ocrx_word' id='word_1_290' title='bbox 840 2239 908 2270; x_wconf 73' lang='lat'>143</span> <span class='ocrx_word' id='word_1_291' title='bbox 1002 2239 1066 2270; x_wconf 82' lang='lat'>361</span> <span class='ocrx_word' id='word_1_292' title='bbox 1086 2241 1243 2270; x_wconf 85' lang='lat' dir='ltr'>uenatus</span> <span class='ocrx_word' id='word_1_293' title='bbox 1263 2248 1355 2270; x_wconf 78' lang='lat' dir='ltr'>cor-r.</span> 
     </span>
    </p>
   </div>
   <div class='ocr_carea' id='block_1_5' title="bbox 0 579 25 2522">
    <p class='ocr_par' dir='ltr' id='par_1_5' title="bbox 0 579 25 2522">
     <span class='ocr_line' id='line_1_39' title="bbox 0 579 25 2522; baseline 0 0"><span class='ocrx_word' id='word_1_294' title='bbox 0 579 25 2522; x_wconf 95' lang='lat' dir='ltr'> </span> 
     </span>
    </p>
   </div>
  </div>
 </body>
</html>
