1635 2522
606 130 639 161 x
663 132 841 164 309—365
1307 133 1358 174 ῃ

172 230 370 286 Cingitur
390 232 432 271 et
452 232 594 284 postes
615 229 750 270 soceri
770 229 841 283 pia
862 232 973 271 serta
994 233 1212 273 coronant.

170 285 272 328 Mox
292 285 501 327 thalamos
522 284 688 326 subiere
739 299 831 326 ares
873 285 1055 326 laetatur
1074 285 1200 327 Iason

171 341 361 396 Sponsus
382 341 456 383 et
445 356 490 382 111
511 341 657 382 castris
667 299 859 382 e[lieneris
881 339 1029 382 Medea
1054 341 1300 396 triumphat.

84 439 152 471 340
171 429 382 479 Quattuor
402 431 563 471 interea
583 428 781 471 Phoebus
802 432 1067 484 transegerat
1090 445 1246 483 annos,

172 485 254 528 Sed
274 489 398 528 natos
419 485 567 526 Medea
588 485 693 526 duos
713 485 894 526 fecunda
915 485 1068 526 marito

170 542 394 593 Ediderat,
415 555 510 582 cum
531 545 655 582 nocte
677 541 818 582 iacens
839 541 1023 594 suspirat
1042 541 1181 583 Iason.

171 597 261 639 Nec
277 598 460 653 gemitus
477 597 638 637 latuere
655 610 843 650 magam:
876 600 886 618 ³
901 611 1040 650 quam,
1063 597 1226 650 callide,
1248 597 1361 638 frau-

1027 653 1121 693 dem

24 755 31 763 (
170 707 346 757 Quodne
375 707 496 749 nefas
517 707 733 748 moliris?'
765 707 824 748 ait
846 711 957 748 ‘non
977 707 1091 748 fallis
1115 711 1340 750 amantem.

88 773 154 805 345
170 763 324 806 Dulcia
345 778 468 826 saepe
490 763 595 818 uigil
618 765 884 804 contrectans
905 766 1077 817 pectora
1099 764 1253 805 coniux

31 823 33 826 ⁴
169 820 346 875 Agnoui
367 834 466 874 qula
485 819 598 860 furta
619 833 741 872 paras
763 819 863 872 quia
883 822 1024 860 mente
1044 819 1186 874 fugaci

168 876 408 918 Infaustum
429 874 724 929 quodcumque
747 874 884 928 cupis:
917 877 1077 915 secreta
1097 875 1294 928 polorum

109 931 113 935 ”
170 931 415 986 Cognosco,
438 931 472 971 si
493 930 666 971 morbus
688 930 786 982 elit,
808 944 843 971 si
864 930 975 971 bella
995 934 1219 984 parentur,

170 986 215 1030 Si
235 987 354 1042 pluet
374 990 448 1027 aut
468 986 637 1027 flamma
660 986 823 1026 caelum
842 986 1045 1027 rutilante
1066 990 1278 1039 coruscet,

84 1051 152 1084 350
166 1043 224 1085 Et
242 1048 290 1084 tu
311 1041 502 1083 Medeam
525 1041 658 1082 credis
680 1042 780 1095 quia
799 1041 934 1095 fallis,
956 1041 1136 1083 Iason?'

171 1099 291 1140 Tunc
312 1098 371 1139 sic
393 1097 629 1139 Aesonides
650 1097 840 1138 stimulet
860 1111 967 1151 quae
988 1111 1086 1139 cura
1109 1098 1314 1139 medullas

168 1154 335 1196 Indicat
355 1156 398 1194 et
416 1153 539 1207 pellis
561 1167 706 1194 causas
727 1153 795 1194 uel
815 1156 1005 1207 tempore
1026 1156 1146 1194 tanto

172 1209 294 1258 Quod
315 1209 446 1250 lateat
466 1209 602 1250 socios
623 1209 697 1262 qui
714 1209 798 1249 iam
820 1209 878 1249 sic
899 1212 1050 1264 regnat
1070 1210 1248 1262 amicus,

171 1265 481 1319 Consumptum
499 1279 624 1318 quem
642 1267 779 1305 morte
800 1267 955 1318 putant
975 1264 1271 1320 planguntque
1293 1280 1363 1319 pa-

1024 1324 1186 1362 rentes·

86 1386 152 1418 355
174 1377 262 1432 ‘Op
264 1381 399 1419 tarem
419 1376 609 1418 reuidere
630 1390 746 1417 meos
768 1376 1004 1430 iterumque
1025 1377 1183 1418 reuerti

169 1393 262 1474 Adp
258 1433 489 1486 thalamos,
512 1432 680 1488 regina,
702 1435 817 1485 tuos,
839 1435 1075 1473 monstrare
1098 1432 1288 1487 Pelasgis

171 1489 283 1538 Quid
303 1489 457 1531 coniux
479 1467 586 1542 quid
600 1487 689 1528 fata
710 1465 867 1529 ualeiit.
880 1492 892 1510 '
933 1487 1080 1529 Medea
1104 1489 1257 1530 marito

172 1545 287 1587 ‘Iam
308 1545 468 1599 pariter
487 1547 736 1599 pergamus'
759 1543 851 1584 ait‘
863 1544 921 1584 sic
943 1558 1069 1586 aurea
1090 1544 1212 1598 pellis

172 1601 358 1642 Tollitur
378 1603 426 1641 ut
445 1600 606 1641 lateant
626 1602 794 1640 uastum
815 1613 909 1640 mea
928 1599 1041 1641 faeta
1062 1601 1316 1644 draconem?

88 1665 156 1698 360
170 1656 349 1699 Dixerat
369 1659 411 1697 et
431 1656 574 1697 stratis
595 1655 759 1709 rapitur
780 1655 858 1696 sub
879 1659 1005 1697 noete
1026 1656 1181 1697 silenti.

173 1715 303 1754 Astra
322 1726 482 1754 uocans
504 1713 545 1752 et
566 1711 688 1766 signa
709 1711 823 1752 ciens
850 1711 967 1752 iubet
987 1712 1059 1753 illa
1081 1711 1288 1766 Soporem

173 1769 240 1809 Ad
260 1782 410 1810 nemus
431 1767 483 1809 ad
503 1767 658 1821 pellem
679 1767 748 1809 uel
768 1766 972 1822 templum
995 1767 1144 1809 Martis
1170 1769 1306 1810 abire:
1385 1785 1427 1816 [p.
1447 1785 1491 1818 89]

172 1823 416 1866 Dormierat
436 1839 630 1879 serpens,
653 1824 776 1879 pellis
798 1825 1012 1866 subtracta
1032 1825 1186 1866 marito

172 1879 371 1922 Traditur
393 1883 434 1922 et
454 1881 613 1934 pariter
633 1881 838 1935 fugerunt
857 1880 988 1921 fratre
1009 1884 1173 1922 necato.

87 1944 153 1976 365
174 1936 405 1990 Accipiunt
424 1939 548 1978 natos
569 1939 611 1977 et
632 1936 800 1991 singula
821 1937 1003 1991 pignora
1023 1940 1208 1990 portant.

177 2087 243 2119 338
274 2085 432 2118 laetatus
463 2096 553 2118 cor-r.
580 2085 707 2118 Bueclz.
802 2087 867 2119 343
899 2085 949 2118 Ne
1042 2087 1107 2119 349
1139 2086 1242 2119 coelo
1273 2097 1364 2120 corr.

83 2129 215 2163 Buech.
330 2132 392 2163 351
427 2130 603 2162 Esonides
631 2132 636 2170 Ι
664 2131 781 2162 forma
812 2142 901 2164 corr.
935 2131 1059 2163 Buech.
1182 2134 1247 2164 353
1279 2132 1364 2173 quia

83 2176 151 2208 354
173 2174 503 2218 Consumptumque
529 2176 582 2206 cui
604 2178 818 2217 corruptelae
841 2177 967 2218 siquam
993 2177 1141 2208 additum
1165 2181 1216 2208 est
1300 2178 1365 2209 355

85 2218 273 2262 optarem]
305 2230 412 2262 supra
448 2231 481 2251 m
512 2222 642 2252 literam
676 2222 893 2262 corruptelae
924 2226 1003 2253 nota
1033 2223 1127 2263 picta
1158 2227 1208 2253 est
1300 2222 1365 2253 357

81 2265 166 2304 sort.
197 2267 283 2297 uota
312 2264 437 2297 Bueclz.
535 2266 600 2297 359
630 2264 796 2297 Tollatur
822 2266 826 2303 J
855 2270 937 2297 sata
1041 2267 1106 2298 362
1140 2265 1186 2298 ad
1216 2263 1362 2309 pellem]

82 2309 167 2350 fore.
193 2319 237 2341 ac
262 2308 388 2342 Bacch.
479 2311 545 2342 365
567 2309 651 2350 fort.
680 2319 804 2342 secum
1398 2316 1403 2322 ·
