1635 2522
618 135 667 167 VI
692 136 838 168 25—89
1312 135 1366 176 23

178 231 262 275 Uix
283 248 331 275 ea
350 232 463 274 fatus
485 247 610 286 eram,
633 232 773 274 subito
795 232 915 274 uenit
935 232 1099 287 aliger
1088 233 1212 288 lgnis,

180 291 261 330 Ore
281 289 439 330 micans
460 303 506 329 ac
528 288 669 329 fronte
691 288 835 329 minax
857 291 900 329 et
920 288 1034 329 crine
1055 302 1280 330 coruscans

176 343 375 398 Impubes
395 345 577 386 lasciuus
599 346 688 385 erat
709 344 776 384 cui
797 347 934 385 castra
953 343 1164 398 uoluptas.

11 453 15 455 Β
111 408 157 440 60
178 399 274 441 Ibat
294 400 339 441 in
360 400 611 454 obsequium
631 399 752 452 risus,
775 359 1084 453 complexibusp
1088 399 1267 441 haerens

44 461 45 464 ’
175 454 294 497 Iusta
313 456 444 497 libido
466 456 552 497 coit
572 455 691 496 uenit
711 458 754 496 et
774 455 992 496 moderata
1013 455 1224 509 uoluptas,

178 510 367 553 Candida
386 511 598 566 legitimas
619 511 852 552 accendens
874 511 1012 565 gratia
1031 512 1175 552 taedas

178 566 384 620 Occurrit,
406 567 524 608 uenit
544 567 655 607 alma
676 566 778 608 fides
799 567 1036 620 petulantia
1057 567 1249 621 simplex,

179 621 305 664 Casta
323 622 528 676 pudicitia
547 621 738 676 procedit
759 626 899 663 mente
922 623 1077 676 quieta,

109 686 154 718 65
180 677 395 720 Sobrietas
415 691 492 731 per
512 680 664 718 cuncta
685 677 790 732 uigil
811 677 966 719 deuota
987 678 1175 718 cucurrit

175 732 234 775 Et
254 733 459 788 quidquid
479 733 613 774 iustos
634 733 757 775 solite
780 733 1007 774 comitatur
1028 747 1205 774 amores.

176 789 305 831 Liber
323 789 561 843 pampineis
582 792 758 830 ornatus
779 788 920 830 fronte
942 789 1154 842 corymbis

176 844 316 886 Intrat
336 848 379 886 et
399 844 586 886 uuiferos
609 845 751 886 uibrat
771 859 897 898 super
918 845 1091 899 agmina
1111 844 1294 898 thyrsos,

102 940 107 945 .
177 899 269 942 Pan
292 901 464 942 calamis
485 901 664 954 perflare
685 901 818 942 melos
840 900 1117 954 Bacchaeque
1139 900 1271 941 rotari

110 964 155 996 70
178 955 322 998 Sileno
344 956 525 998 saltante
546 956 717 1010 placent
736 956 1001 1010 populosque
1023 970 1194 997 mouere

175 1011 227 1053 In
247 1012 517 1054 fescenninos
537 1012 732 1053 fremitus
754 1015 796 1053 et
816 1012 971 1067 gaudia
993 1012 1165 1054 mentis,

176 1068 329 1109 Adfuit
350 1069 512 1109 interea
532 1067 683 1122 Cypris
704 1068 907 1109 subuecta
930 1067 1149 1120 columbis,

176 1125 370 1178 Apparet
390 1124 440 1165 de
461 1127 581 1178 parte
602 1124 691 1178 poli
713 1138 796 1178 qua
817 1124 1036 1164 flammeus
1058 1123 1147 1164 axis

178 1178 382 1222 Uoluitur
402 1179 597 1220 australis
620 1180 889 1221 conlustrans
910 1179 1093 1220 cardinis
1115 1193 1230 1220 oras:

111 1243 155 1274 75
179 1234 334 1277 Florea
353 1250 586 1290 purpureas
608 1235 852 1277 retinebant
871 1235 993 1276 frena
1014 1234 1231 1276 columbas

177 1290 236 1333 Et
255 1306 351 1333 rosa
371 1291 623 1333 blandifluas
645 1291 824 1332 rutilans
846 1291 1044 1332 nectebat
1064 1291 1234 1343 abenas,

178 1346 290 1389 Lilia
309 1350 410 1389 sunt
429 1348 588 1388 inserta
608 1348 730 1400 rosis,
752 1348 853 1402 iuga
872 1346 1051 1401 pulchra
1072 1324 1295 1387 uolucriim

179 1402 366 1445 Uerbere
387 1417 600 1466 purpureo
624 1381 775 1457 Cypi·is
796 1403 945 1444 iubet
934 1417 1007 1454 ire,
1030 1402 1184 1457 iugalis

178 1458 377 1515 Remigat
397 1459 593 1500 ammotis
614 1459 844 1513 pinnarum
864 1436 1102 1513 plausibus²3
1103 1457 1201 1498 ales

109 1522 156 1554 80
180 1495 353 1557 Moenia
372 1515 558 1569 respexit
578 1514 850 1570 Carthaginis
871 1515 982 1555 alma
1003 1514 1063 1567 Cy
1066 1513 1204 1555 there.

179 1571 306 1613 ‘'Illo
330 1571 469 1612 dixit
481 1585 581 1612 aues
603 1571 838 1612 conuertite
860 1570 1014 1611 mando
1036 1569 1218 1622 uolatus,

179 1626 368 1668 Uictoris
389 1627 557 1668 soboles
578 1626 693 1668 felici
714 1629 827 1668 sorte
849 1627 1064 1681 iugantur,

177 1682 271 1724 Illic
292 1697 399 1737 pura
419 1682 521 1724 fides
542 1683 628 1723 illic
649 1683 875 1745 prudentia
896 1681 1087 1735 simplex,

180 1738 419 1794 Coniugis
407 1753 453 1780 m
474 1739 636 1794 gremio
657 1739 806 1792 pietas,
828 1738 919 1779 sine
940 1736 1088 1778 fraude
1109 1736 1322 1790 uoluntas,

111 1801 156 1833 85
182 1794 284 1836 Non
305 1795 366 1837 ibi
386 1795 497 1836 liuor
519 1793 636 1848 edax,
658 1809 744 1836 non
768 1797 832 1836 est
853 1794 963 1835 elata
983 1795 1170 1847 potestas

177 1850 354 1892 Priuato
375 1851 453 1892 sub
474 1865 591 1892 more
611 1865 763 1906 gerens
784 1865 859 1891 sua
880 1850 973 1891 iura
993 1848 1181 1890 modeste

180 1901 296 1955 Quae
317 1907 507 1948 mercede
529 1921 605 1947 sua
625 1906 782 1947 multos
804 1905 1027 1947 coniunxit
1048 1907 1233 1959 egentes,

178 1961 327 2004 Haec
315 1977 464 2016 inopes
485 1963 631 2003 dotare
652 1962 761 2003 solet
781 1961 850 2002 uel
870 1974 1040 2015 pascere
1063 1973 1220 2015 egenos

179 2017 366 2074 Legibus
387 2021 429 2059 et
449 2018 605 2060 nostris
626 2017 761 2059 nudas
782 2017 938 2058 uestire
959 2016 1158 2071 puellas.’

185 2134 228 2164 60
253 2131 480 2174 amplexibus
505 2143 593 2164 corr.
615 2131 742 2163 Bueclz.
836 2133 878 2162 62
905 2130 1086 2162 accedens
1179 2131 1221 2161 67
1248 2129 1378 2161 corim-

0 2211 2 2215 y
91 2176 152 2208 bis
232 2177 276 2208 68
301 2181 422 2218 tyrsos
505 2179 547 2209 69
575 2177 693 2218 potari
718 2187 808 2208 corr.
834 2176 960 2209 Bueclz.
1047 2177 1089 2207 70
1115 2174 1276 2215 placent]
1302 2185 1378 2206 cor-

0 2233 29 2258 ’,
94 2225 237 2261 ruptum.
285 2223 434 2254 conicias
470 2225 602 2263 parant
731 2223 773 2254 78
810 2221 952 2261 iugales
983 2230 1073 2252 corr.
1107 2219 1232 2252 Buech.
1333 2219 1378 2251 80

25 2280 27 2286 s
95 2264 254 2309 Cythera
316 2268 356 2298 81
384 2267 588 2299 connertite
614 2267 790 2308 repetitum
806 2267 870 2298 sed
887 2270 1088 2307 expunctum
1106 2268 1156 2296 est
1237 2264 1280 2296 87
1306 2263 1378 2303 Qui

23 2335 28 2341 .
93 2320 186 2343 corr.
216 2311 341 2343 Buech.

1386 399 1414 434 [p
1439 400 1483 434 ²41
