1635 2522
563 108 652 140 vm
676 109 852 141 554—617
1292 106 1347 148 49

154 209 214 251 Et
233 207 366 272 gemit
385 206 632 248 infrendens
653 206 853 247 amissum
878 206 1022 247 nobile
1044 206 1211 261 pignus.

17 267 34 318 ’ῃ
71 273 139 306 585
157 263 328 306 Atndes
347 262 407 304 sic
427 265 611 304 maestus
632 264 722 302 erat
743 261 792 302 de
814 262 994 316 coniuge
1015 265 1148 315 rapta.

154 319 324 361 Interea
344 320 509 360 Aeneas
530 317 696 359 rediens
716 317 874 372 legatio
896 317 1066 358 Troiam

155 374 343 417 Uenerat
364 377 406 415 et
425 373 594 415 Priamo
616 353 858 414 Telamonis
879 373 991 414 dicta
1011 375 1212 426 reportat.

155 429 237 473 Sed
259 430 342 471 Pax
343 429 453 471 idem
475 429 644 484 genitor
659 431 883 482 postquam
906 443 992 469 non
1018 428 1126 469 uidit
1146 430 1344 480 amatum,

155 486 330 541 Plangit
351 489 393 527 et
413 485 602 526 albentes
623 483 860 525 immundat
879 485 1054 538 puluere
1076 498 1217 525 canos.
1359 494 1398 525 [P
1419 495 1463 525 62]

39 564 41 566 ·
73 551 141 582 590
156 543 352 584 Antenor
366 540 535 582 Priamo
556 540 708 602 pelagi
718 554 890 581 narrare
912 540 1078 581 labores

156 598 248 640 Iam
269 597 370 638 fletu
390 598 590 637 manante
611 595 732 650 genis
754 599 795 637 et
816 595 932 637 mille
953 595 1110 649 epricla

157 653 385 706 Coeperat.
406 651 581 714 ignarus
602 631 704 705 quid
724 651 774 692 de
794 611 979 705 pastore
985 651 1172 704 procella

155 708 321 750 Fecerit
340 708 444 748 aut
433 707 600 748 iuuenis
622 707 798 748 classem
819 707 853 747 si
876 707 1069 748 mer-serit
1091 705 1210 747 unda

156 763 335 806 Nescius
356 776 427 804 ore
449 762 596 807 lefert
619 762 700 804 hoc
720 765 887 803 tantum
907 776 1032 804 nosse
1054 762 1212 803 fatetur

72 827 140 859 595
157 819 278 868 Quod
299 819 440 873 pelagi
461 812 597 860 rabies
618 818 820 860 subuel-so
842 818 1007 873 gurgite
1028 817 1151 872 ponti

158 874 370 929 Sparserit
388 874 538 916 Iliacas
559 874 604 915 in
624 877 874 928 tempestate
896 874 1072 915 carinas.

101 935 104 939 '
157 931 237 972 His
258 930 379 971 dietis
400 930 534 985 gemit
558 930 656 971 aula
677 930 805 971 ducis.
846 944 889 971 se
910 929 1093 971 luctibus
1114 929 1237 981 atris,

159 986 331 1028 Moenia
351 986 514 1027 iustitio
536 985 711 1027 foedant
735 988 777 1026 et
795 985 1014 1040 plangitur
1035 985 1157 1037 urbe,

158 1041 291 1084 Sexus
313 1046 489 1096 uterque
510 1042 662 1097 gemit,
684 1056 770 1083 non
794 1056 870 1095 pro
893 1041 1062 1082 uirtutis
1084 1041 1246 1082 honore

72 1105 141 1138 600
158 1100 248 1139 Aut
267 1097 380 1152 quod
401 1097 498 1139 talis
519 1100 609 1138 erat
629 1098 702 1151 qui
722 1101 866 1151 posset
885 1097 998 1138 bella
1018 1097 1159 1138 subire

159 1156 249 1195 Aut
268 1153 435 1208 ingesta
456 1154 545 1207 pati
566 1153 634 1194 uel
655 1153 830 1194 summis
851 1153 1013 1194 uiribus
1034 1152 1199 1194 hostem

158 1209 372 1264 Frangere
393 1212 436 1250 et
456 1209 659 1250 ensiferas
680 1209 768 1250 acie
789 1209 980 1263 iugulare
1003 1208 1199 1250 cohortes
1220 1233 1273 1238 ff

159 1265 363 1314 Quamuis
384 1264 645 1317 Alexander,
668 1265 703 1306 si
724 1265 886 1305 uiribus
907 1264 1102 1306 Herculis
1123 1266 1233 1305 esset
1307 1263 1311 1267 ’

160 1321 364 1362 Aemulus
385 1324 460 1362 aut
479 1323 591 1362 certe
613 1320 874 1375 Meleagrum
896 1324 970 1361 aut
989 1319 1153 1361 Thesea
1173 1319 1305 1360 fortes

73 1383 140 1417 605
159 1379 376 1430 Aequaret
397 1377 554 1418 uirtute
575 1379 748 1431 potens,
770 1379 912 1417 tamen
934 1376 1117 1417 Hectore
1139 1388 1295 1430 magno

160 1432 329 1486 Sospite
349 1447 475 1474 nemo
497 1431 628 1473 Parin
653 1432 819 1487 lugeret
839 1431 964 1474 corde
987 1431 1147 1473 dolenti
1170 1456 1219 1460 -—

160 1487 242 1531 Sed
262 1488 374 1544 regis
395 1489 495 1542 quia
515 1491 641 1529 natus
663 1491 771 1538 erat,
793 1488 842 1529 fit
861 1487 1087 1542 planctus
1076 1502 1122 1528 m
1143 1487 1259 1528 urbe.

158 1543 270 1586 Nam
291 1558 533 1598 quicunque
554 1558 716 1585 memor
735 1543 890 1585 Heleni
911 1558 1010 1585 mox
1031 1543 1142 1584 dicta
1169 1542 1354 1596 tenebat

160 1600 362 1641 Laetatm
382 1599 571 1655 gaudens
592 1600 664 1641 sed
684 1603 850 1641 tantum
871 1614 975 1641 uoce
998 1599 1182 1640 dolebat

78 1664 144 1695 (310
159 1655 279 1697 Tunc
299 1659 420 1709 pater
440 1655 606 1696 absenti
628 1655 838 1697 tumulum
860 1655 1105 1697 formabat
1094 1669 1278 1707 manem,

161 1711 221 1753 Ut
241 1711 418 1753 iacuisse
438 1717 561 1765 putes
582 1712 794 1765 praesenti
816 1715 951 1753 morte
973 1711 1163 1752 cadauer.

158 1766 273 1809 Dum
293 1770 416 1822 parat
434 1767 608 1808 inferias
628 1767 798 1821 genitor
818 1770 1000 1808 mactare
1021 1766 1213 1821 sepulcro
1361 1775 1401 1806 [Ρ.
1425 1773 1472 1806 63]

159 1822 259 1864 Non
283 1823 352 1864 ubi
375 1837 528 1877 corpus
549 1827 638 1864 erat
658 1824 727 1864 uel
748 1823 809 1864 nil
830 1824 982 1865 satiare
1005 1836 1172 1875 cruore,

164 1878 375 1920 Per-freta
396 1879 666 1933 conspiciunt
685 1882 833 1920 notam
855 1880 904 1920 de
925 1879 1049 1920 litore
1073 1878 1258 1919 classem.

82 1943 147 1974 615
167 1934 312 1976 Prima
332 1934 435 1975 ratis
455 1935 622 1975 iuuenis
644 1935 776 1989 regali
796 1935 987 1988 praedita
1007 1934 1130 1989 signo

165 1993 358 2045 Apparet
379 2005 505 2044 quam
527 1993 638 2032 serta
657 1991 796 2045 ligant
817 1993 941 2032 enata
961 1990 1125 2032 rosetis.

165 2045 356 2088 Candida
378 2046 504 2100 pepla
524 2045 675 2087 uolant
695 2049 737 2087 et
756 2046 929 2088 carbasa
950 2046 1108 2087 sericus
1130 2048 1267 2099 ornat,

170 2149 234 2181 589
260 2145 389 2191 canos]
412 2149 498 2188 fort.
520 2149 640 2181 crines
709 2151 774 2181 590
797 2149 938 2181 Anteno
964 2159 1054 2181 corr.
1074 2148 1139 2181 IJI
1208 2150 1272 2181 597
1296 2147 1361 2181 sed

77 2194 144 2226 602
175 2193 290 2225 aciem
321 2203 412 2226 corr.
442 2193 515 2225 IM
604 2195 670 2226 604
699 2195 820 2226 Tesea
913 2195 977 2227 612
1008 2193 1200 2235 sepulchro
1294 2194 1362 2226 614

80 2239 284 2279 cospicinnt
314 2248 404 2270 corr.
431 2238 503 2269 IM
614 2239 679 2270 616
712 2239 837 2280 legant
868 2249 958 2271 corr.
988 2238 1084 2279 IJIl
1113 2241 1241 2271 ornata
1267 2248 1360 2271 corr.

80 2282 208 2316 Bueeh.
235 2293 275 2314 m.
302 2283 353 2316 rh.
448 2283 512 2314 617
540 2283 679 2316 seriens
704 2294 793 2315 corr.
821 2284 893 2316 [M

148 2337 322 2362 meon-11
339 2337 487 2363 carmina.
1070 2341 1092 2371 4
