1635 2522
294 96 350 138 34
835 95 1034 127 HELENA

297 204 361 235 110
382 195 469 237 Dat
489 195 643 236 celeres
664 194 799 248 pietas
821 208 987 249 gressus
1009 208 1116 247 quos
1137 193 1319 248 denegat
1340 196 1468 246 aetas,

380 251 482 292 Mox
502 251 699 292 iuuenem
722 249 942 303 complexa
961 252 1080 290 tenet
1099 263 1174 303 per
1194 249 1304 290 colla
1321 263 1398 302 per
1419 263 1506 290 ora.

383 306 537 348 Oscula
558 305 801 346 diffundunt
821 308 863 346 et
883 305 1068 346 lambere
1089 305 1278 345 membra
1301 306 1499 358 parentes

379 362 590 404 Insistunt
608 361 775 402 iuuenis
796 361 1008 414 certatim,
1031 360 1104 401 sed
1124 360 1219 413 pius
1240 360 1365 401 ardor

381 417 587 458 Adfectus
608 416 824 471 dispensat
844 430 994 471 agens,
1017 416 1201 457 alternat
1221 415 1390 469 utrique

298 481 361 512 115
382 473 440 514 Et
460 473 624 514 uicibus
646 487 741 514 cara
761 472 926 513 Paridis
946 471 1109 512 ceruice
1130 471 1343 512 fruuntur.

379 528 569 570 Nuntius
590 529 753 569 interea
772 530 908 568 totam
929 527 1217 581 compleuerat
1236 527 1384 568 urbem

381 584 512 625 Fama
531 584 650 624 uolat
669 598 744 637 per
766 583 923 637 templa
943 583 1079 636 deum,
1102 582 1213 637 quod
1234 584 1381 637 pastor
1401 582 1453 623 ab
1473 582 1550 624 Ida

385 639 437 681 Se
459 639 578 680 uelut
599 639 785 681 ostendit
805 639 927 693 regni
948 639 998 679 de
1019 639 1149 693 stirpe
1171 641 1371 680 creatum.

383 695 502 736 Tunc
522 695 711 736 Helenus
732 697 850 736 uates
870 694 1076 749 templum
1099 694 1258 736 dimisit
1279 697 1321 736 et
1341 709 1458 735 aram

299 760 364 791 120
383 751 441 792 Et
460 751 608 805 procul
630 751 855 792 exclamat:
881 753 1023 804 ‘pater
1043 751 1192 804 impie,
1214 750 1396 804 pessima
1416 752 1563 804 mater,

384 806 494 855 Quid
515 807 650 860 pietas
672 807 851 847 crudelis
873 807 973 861 agit,
996 806 1096 860 quid
1117 806 1292 861 perditis
1313 805 1491 846 urbem?

381 863 499 903 Haec
520 865 583 903 est
603 863 677 903 illa
696 865 771 903 tuo
792 862 884 915 fair,
906 865 1059 915 mater,
1080 862 1248 916 prodita
1268 876 1418 903 somno

384 918 499 966 Quae
521 918 648 958 simul
662 917 862 959 incendet
876 917 1048 959 Troiam
1068 932 1332 974 regnumque
1351 919 1577 971 parentum

383 975 434 1015 In
455 977 612 1015 sortem
634 973 750 1014 dabit
770 974 844 1015 illa
862 988 1007 1015 nurus.
1050 975 1246 1015 coniurat
1265 975 1310 1014 in
1331 988 1449 1014 arma

301 1038 364 1069 125
388 1029 564 1071 Graecia
583 1032 675 1070 tota
696 1029 842 1071 dolens
863 1033 1033 1084 raptum
1053 1030 1204 1084 punire
1225 1029 1454 1082 Lacaenae,

384 1085 531 1127 Litora
550 1088 697 1127 nostra
716 1088 864 1140 petent
884 1085 1024 1127 Danai
1045 1100 1139 1127 cum
1160 1086 1276 1126 mille
1299 1085 1466 1137 carinis,

384 1141 544 1183 Dorica
553 1145 690 1182 castra
705 1143 905 1195 fremunt,
922 1142 1005 1182 iam
1015 1141 1224 1197 Pergama
1238 1145 1365 1184 uexat
1376 1140 1578 1194 Achilles,

385 1197 475 1238 Iam
496 1200 692 1252 pugnant
701 1197 853 1251 Danai,
871 1197 956 1239 iam
968 1198 1179 1239 cernimus
1187 1197 1374 1238 Hectora
1382 1199 1577 1250 tractum,

387 1253 528 1294 Troile
549 1254 634 1294 iam
654 1268 730 1307 per
750 1253 862 1294 bella
882 1254 1000 1306 furis,
1022 1254 1107 1295 iam
1130 1254 1329 1294 sterneris
1350 1252 1487 1294 audax

186 1315 284 1347 11³-⁴2]
303 1317 368 1348 130
388 1311 503 1350 Ante
524 1323 679 1362 annOS,
703 1309 890 1351 animose
912 1324 1036 1363 puer,
1058 1310 1217 1350 uirtute
1238 1312 1475 1363 proteruus.

387 1364 468 1406 Sed
490 1364 590 1418 quid
611 1364 700 1405 fata
720 1368 831 1418 ueto,
855 1364 954 1419 quid
976 1366 1082 1406 fixos
1104 1379 1226 1406 arceo
1248 1379 1381 1417 casus,

387 1420 493 1462 Cum
513 1420 623 1461 nihil
644 1420 830 1462 aduersis
851 1422 987 1475 prosit
1007 1421 1233 1475 prudentia
1255 1419 1420 1476 signis?

386 1476 455 1517 Me
477 1476 667 1517 Fortuna
685 1479 839 1530 potens
861 1480 902 1518 et
922 1476 1110 1531 Pyrrhus
1135 1477 1286 1532 ingens
1308 1478 1551 1530 exspectat.’

385 1531 499 1573 Dum
520 1532 721 1586 loquitur,
740 1532 977 1574 Cassandra
996 1533 1115 1574 uenit
1135 1532 1365 1574 furibunda
1379 1530 1578 1574 sacerdos

303 1596 367 1627 135
388 1588 445 1628 Et
465 1591 643 1629 matrem
665 1589 885 1642 complexa
905 1590 1038 1630 canit:
1063 1589 1187 1643 ‘quid
1207 1592 1342 1631 mater
1363 1588 1510 1642 iniqua

387 1643 496 1692 Quid
516 1646 637 1698 pater
657 1644 806 1685 infelix
828 1645 929 1698 quid
950 1646 1100 1686 funera
1120 1648 1267 1686 nostra
1287 1643 1478 1699 paratis?

385 1699 614 1741 Immemor
634 1700 717 1741 heu
739 1700 886 1754 pietas,
908 1701 983 1742 uni
1004 1701 1075 1755 pia
1095 1704 1231 1742 mater
1251 1700 1419 1741 haberis

386 1755 690 1810 Pastoremque
711 1756 831 1797 foues
852 1756 924 1798 sed
944 1757 1089 1798 multis
1111 1757 1242 1811 impia
1263 1760 1433 1798 constas

387 1811 594 1865 Regibus,
619 1811 875 1853 Hectoreum
896 1813 1074 1867 supplex
1096 1817 1289 1867 emptura
1310 1812 1490 1853 cadauer

304 1875 368 1907 140
390 1866 470 1908 Per
490 1870 658 1909 montes
679 1882 754 1921 per
774 1883 875 1909 saxa
896 1868 1061 1910 datum:
1083 1883 1160 1909 nec
1183 1868 1384 1910 uenditur
1402 1867 1564 1910 Hector

395 2005 457 2035 110
487 2003 533 2042 cf.
562 2004 670 2036 Orest.
701 2006 766 2037 670
884 2006 945 2036 112
981 2006 1146 2046 parentis
1183 2016 1273 2038 corr.
1305 2005 1430 2037 Buecle.
1461 2017 1500 2035 m.
1531 2005 1582 2039 rlz.

305 2049 368 2080 113
393 2048 545 2080 iuuenes
570 2059 659 2081 corr.
684 2049 810 2081 Bueelz.
834 2060 872 2080 m.
901 2050 948 2081 νΙι.
1046 2052 1106 2081 114
1133 2060 1246 2092 agnes
1272 2060 1376 2082 acres
1400 2056 1432 2081 εἰ
1457 2050 1582 2081 utrim-

305 2103 372 2134 que
399 2092 483 2132 IJI,
509 2103 621 2127 aucus
648 2094 775 2126 Bueelae.
802 2105 841 2125 m.
861 2095 911 2128 rle.
1009 2096 1070 2127 118
1102 2096 1191 2127 uelit
1222 2106 1310 2127 corr.
1339 2095 1466 2127 Buech.
1493 2093 1584 2126 uelit

305 2137 448 2169 ostendi
473 2138 539 2168 JM
630 2140 692 2171 125
718 2139 843 2171 uolens
871 2141 1047 2180 proposuit
1076 2139 1199 2171 Bueelae.
1297 2141 1359 2172 128
1391 2139 1465 2171 Iam
1491 2149 1583 2171 corr.

304 2183 437 2214 uidetur
461 2193 507 2214 ex
532 2188 601 2214 tam
698 2185 761 2215 130
788 2184 926 2216 animos
956 2188 991 2215 et
1024 2194 1111 2225 puer
1135 2185 1272 2216 uirtute
1370 2186 1430 2216 133
1456 2193 1583 2226 exspe-

304 2230 378 2259 ctat
411 2227 570 2268 Pyrrhus
603 2231 639 2260 et
672 2229 800 2268 ingens
832 2229 900 2260 IJI
931 2233 968 2262 at
999 2230 1214 2261 desider-atm-
1246 2229 1302 2261 Me
1333 2234 1520 2271 exspectat
1551 2227 1581 2260 F

307 2283 329 2313 p
358 2277 393 2303 et
419 2273 520 2313 regia.
546 2273 673 2314 Pyrrhi
702 2273 857 2313 (Bacch.)
955 2275 1016 2306 136
1042 2274 1195 2306 infoelix
