1635 2522
568 129 620 161 lx
648 131 823 163 135-194
1282 129 1335 171 57

7 275 17 278 ,,
148 230 193 273 Si
213 244 297 284 qua
316 230 455 270 iacent
475 228 664 282 dispersa
684 228 785 269 solis
807 228 997 269 ostendet
1019 230 1062 268 et
1082 228 1206 269 ambo

11 281 26 334 ζ’
64 295 128 328 165
149 285 358 329 Carnibus
379 283 602 326 Hectoreis
623 284 810 339 defigent
830 283 974 325 oscula
994 284 1156 336 flentes,

149 341 232 384 Ore
253 343 475 383 cruentato
497 354 675 394 puerum
696 340 822 381 simul
843 339 967 381 ambo
990 340 1228 380 monebunt

149 397 306 440 Oscula
326 395 397 437 det
415 396 634 437 membris:
657 396 834 437 ‘laceros
856 396 1108 449 ubicumque
1130 395 1280 436 iacere’

146 452 272 495 Dicet
293 467 397 493 auus
418 466 550 506 puero
572 454 708 505 ‘pater
728 454 792 493 est
813 465 918 505 quos
940 451 1096 492 uidelis
1118 455 1262 492 artus’.

149 508 337 550 Motibus
358 507 424 548 his
445 508 479 548 si
500 507 619 549 nulla
641 508 761 549 uenit
780 507 950 561 pietatis
972 507 1086 548 imao·

19 581 24 584 ·
65 573 132 604 170
153 564 306 618 Aspice
328 563 428 617 quid
449 562 609 604 faciant
629 564 783 604 coniux
805 567 925 617 pater
945 521 1126 603 Hecuza
1140 565 1266 603 natus

148 619 207 662 Et
226 618 472 674 pudibunda
492 632 624 659 soror.
654 619 848 660 Priamus
870 619 980 660 iacet
1001 618 1144 659 oscula
1164 618 1323 672 plantis

148 675 239 717 Rex
260 674 402 716 senior
423 674 526 715 dans
547 674 636 728 ipse
658 675 742 715 tuis
763 688 841 715 nec
861 677 984 727 turpe
1006 675 1184 727 putabat

151 729 273 780 Quod
293 730 494 771 miserum
515 730 689 771 fortuna
710 730 838 771 iubet.
878 729 978 770 hinc
999 729 1121 784 uirgo
1142 729 1296 783 pudica

150 788 412 841 Astyanacta
430 789 580 827 tenens
601 800 782 840 paruum
803 799 930 839 super
950 784 1137 826 Hectora
1159 785 1283 838 ponit

67 850 132 882 175
152 841 211 884 Et
230 856 408 896 puerum
429 840 581 882 deflere
603 841 737 892 docet,
760 842 830 882 sed
852 841 1055 895 paruulus
1076 843 1197 894 optat

101 944 105 948 .
149 898 216 939 Ite
237 911 316 939 nec
337 897 513 938 extincti
534 898 755 952 cognoscit
776 898 927 938 funera
946 897 1090 951 patris

150 953 246 995 Heu
267 953 452 994 lacerum
473 967 573 993 nam
590 967 742 1007 corpus
760 956 862 1005 erat⁷
886 952 1000 1006 quod
1021 955 1156 993 mater
1176 955 1218 993 et
1238 965 1346 993 uxor

152 1008 409 1063 Complexae
430 1022 506 1063 per
526 1008 635 1050 colla
655 1012 804 1049 tenent
825 1012 867 1049 et
887 1008 1065 1049 uulnera
1085 1008 1186 1048 ferri

151 1064 235 1106 Per
253 1064 416 1106 laceros
436 1067 552 1105 artus
573 1078 780 1119 generoso
802 1065 846 1105 in
869 1078 1044 1127 corpore
1067 1064 1287 1118 quaerunt.

70 1128 135 1161 180
155 1119 238 1162 Sed
259 1119 359 1174 quid
380 1119 505 1161 dorsa
525 1120 606 1161 uiri
627 1120 834 1175 palpant-⁴?
865 1120 1021 1161 iniuria
1042 1122 1210 1161 constat

152 1175 451 1238 Magn-animi.
439 1176 626 1217 1uuenis:
649 1176 818 1231 plagam
840 1190 923 1230 qua
945 1175 1133 1217 concidit
1153 1175 1312 1216 Hector
1358 1189 1397 1220 [p
1418 1188 1463 1221 73]

150 1231 209 1274 Et
229 1231 384 1273 uulnus
404 1231 439 1272 si
460 1246 584 1273 nosse
605 1232 757 1286 placet,
779 1234 944 1273 uersate
965 1232 1164 1285 supinum

153 1287 318 1341 Corpus
339 1290 382 1328 et
402 1288 528 1329 occisi
549 1291 784 1329 tractentur
804 1291 979 1341 pectora
998 1288 1122 1341 regis.

151 1343 381 1384 Inuenient
401 1357 564 1399 ungues
586 1347 745 1398 qua-nto
767 1343 985 1384 descendit
1003 1343 1123 1384 hiatu

69 1407 133 1439 185
154 1398 288 1440 Hasta
309 1378 487 1452 potens?
484 1403 774 1453 quantumque
796 1399 911 1440 dedit
931 1399 1152 1440 uulcanius
1174 1398 1299 1439 ensis.

156 1453 195 1496 N
200 1469 268 1496 am
288 1454 401 1508 quod
422 1458 543 1509 terga
563 1455 717 1503 ferunt,
740 1455 821 1496 hoc
843 1469 989 1496 currus
1010 1455 1114 1496 fecit
1135 1454 1314 1496 Achillis

152 1509 267 1552 Dum
287 1510 420 1551 trahit
441 1511 615 1552 extincti
637 1511 803 1552 iuuenis
824 1525 899 1565 per
920 1525 1021 1552 saxa
1042 1511 1234 1563 cadauer,

154 1566 213 1607 Et
233 1565 405 1607 domino
427 1567 510 1607 iam
533 1566 688 1608 damna
707 1570 861 1621 parant
881 1566 931 1607 de
952 1568 1101 1607 funere
1122 1569 1271 1607 tracto.

154 1621 341 1663 Hectora
362 1623 564 1663 mirantes
585 1622 679 1676 plus
700 1625 742 1663 te
763 1622 996 1674 laudamus,
1019 1622 1222 1674 Achilles,

72 1686 138 1717 190
159 1679 198 1718 Α
219 1691 302 1731 quo
325 1677 463 1719 uictus
485 1678 594 1719 obit:
616 1679 744 1719 finem
767 1678 830 1730 da,
852 1692 1020 1733 magne,
1043 1678 1181 1718 dolori

152 1733 211 1774 Et
230 1736 326 1787 post
347 1733 580 1775 uindictam
601 1735 771 1775 ueniam
792 1734 975 1775 concede
997 1738 1218 1788 perempto

154 1789 235 1837 Qui
255 1803 416 1842 poenas
437 1789 481 1830 in
502 1789 594 1831 luce
616 1789 742 1831 dedit.
791 1789 875 1830 iam
896 1790 1058 1844 respice
1081 1790 1195 1830 mitis

156 1846 417 1898 Astyanacta
437 1845 595 1897 uidens,
618 1845 772 1899 Pyrrhi
793 1845 991 1887 succedat
1010 1846 1152 1899 imago

155 1901 269 1941 Ante
291 1901 436 1942 oculos
458 1900 610 1942 dilecta
630 1902 721 1954 tibi,
744 1901 987 1955 Priamique
1009 1903 1202 1942 senectus

163 2037 227 2067 164
250 2037 385 2068 sororis
413 2035 499 2067 solis
522 2038 621 2077 posui
637 2038 790 2068 temer-ius
804 2038 956 2075 sortasse
973 2048 1068 2078 quam
1086 2037 1210 2068 rectius
1286 2037 1352 2070 165

70 2079 234 2123 defigunt
264 2091 352 2112 corr.
384 2080 510 2112 Bneclz.
617 2083 678 2113 166
710 2081 908 2113 manebant
937 2092 1025 2114 cnr-r.
1059 2081 1185 2112 Bueelz.
1290 2082 1352 2114 169

71 2124 246 2158 Mortibus
271 2136 361 2157 corr.
387 2124 513 2157 Bne-ch.
589 2128 649 2159 170
674 2125 788 2158 ecuba
867 2126 929 2157 174
954 2136 1091 2168 ponens
1117 2137 1207 2161 corr.
1224 2125 1350 2160 Buech.

117 2170 182 2202 176
205 2169 357 2201 humera
474 2172 537 2203 184
563 2169 735 2202 descendi
767 2171 870 2212 (corr.
894 2181 941 2202 ez·
978 2171 1157 2211 discendi)
1191 2172 1233 2211 cs.
1262 2170 1351 2204 Stat.

75 2213 176 2246 Theb.
209 2213 279 2246 XII
316 2216 381 2247 340
484 2217 547 2248 186
585 2215 762 2247 dederunt
795 2214 980 2256 {Achillis
1016 2226 1108 2248 corr.
1147 2227 1192 2248 ex
1230 2215 1353 2247 Achil-

71 2258 123 2292 les
217 2261 279 2292 187
304 2259 448 2291 iuuenis
473 2271 562 2292 corr.
588 2271 634 2292 ex
659 2260 805 2292 iunonis
899 2262 961 2293 193
985 2261 1204 2294 Astianacta
1225 2260 1231 2301 1
1259 2261 1354 2291 malis

72 2305 202 2346 uigens
296 2305 358 2336 194
383 2304 529 2338 delecta
