1635 2522
562 96 877 130 SATISFACTIO
1309 98 1362 140 83

226 195 327 238 Non
347 208 538 236 meruere
559 195 697 248 simul,
718 195 801 237 hoc
820 195 948 237 homo
971 195 1140 250 quando
1161 195 1346 239 habeat?

171 250 308 306 Culpa
326 250 431 292 mihi·
453 249 591 292 fuerat
615 250 810 292 dominos
831 251 1006 292 reticere
1027 251 1240 293 modestos

223 306 510 362 Ignotumque
529 306 636 348 mihi
657 307 837 348 scribere
859 321 937 348 nec
957 306 1190 360 dominum,

82 370 127 403 95
149 361 297 412 Qualis
318 365 360 404 et
380 362 572 417 ingratos
593 362 784 417 sequitur
804 363 877 416 qui
898 366 1040 404 mente
1061 364 1243 417 profana

222 418 329 460 Cum
350 418 570 460 dominum
590 420 750 460 norunt
769 418 883 459 idola
903 433 1017 459 uana
1037 418 1196 461 colunt.

168 473 489 516 Israhelitarum
508 474 714 528 populum
735 478 793 515 sic
815 474 940 528 culpa
959 475 1133 516 tenebat

225 528 404 578 Quando
425 529 549 570 deum
571 529 728 571 oblitus
748 530 854 571 flans
877 530 1060 571 uitulum
1082 531 1225 571 coluit.

167 584 254 627 Dat
273 587 416 627 tamen
436 585 663 640 indulgens
684 586 853 627 ueniam
874 586 1148 640 poscentibus
1170 589 1328 639 auctor,

83 649 149 681 100
225 639 272 683 Si
291 640 461 682 sceleris
481 640 585 682 facti
606 655 725 682 mens
746 656 817 682 rea
836 642 1067 695 paeniteat.

166 695 226 738 Te
257 710 425 750 precor,
456 697 726 750 omnipotens
736 729 747 750 ,
777 699 820 738 te
842 711 966 750 quem
991 697 1111 738 decet
1137 711 1226 737 esse
1248 697 1363 738 beni-

1025 765 1157 807 gnum

223 806 357 856 Quem
377 822 466 849 non
486 807 574 849 ulla
591 808 711 849 iuuat
732 808 838 849 ultio
860 808 932 849 sed
953 808 1092 861 uenia,

51 902 55 905 .
167 862 297 905 Cuius
317 866 466 905 saneta
486 878 636 905 manus
657 866 869 905 sustentat
890 864 1017 905 corda
1038 867 1275 918 regentum,

114 921 118 925 ’
221 918 280 960 Et
298 919 394 973 pius
414 919 595 961 inclinas
616 934 715 962 mox
736 920 978 974 ubieunque
999 920 1139 961 iubes:

29 1002 42 1031 ν.
83 982 147 1014 105
168 973 228 1016 Te
245 988 388 1016 coram
404 975 590 1029 primum
610 990 677 1016 me
699 976 897 1017 carminis
918 976 1033 1017 illius
1054 990 1159 1017 ausu

39 1035 41 1037 '
224 1030 347 1080 Quod
367 1031 476 1072 male
498 1030 686 1085 disposui
707 1032 897 1086 paenitet
917 1034 959 1073 et
978 1031 1130 1073 fateor.

164 1086 271 1128 Post
289 1089 344 1141 te,
365 1101 527 1128 summe
549 1087 662 1141 deus,
684 1088 775 1143 regi
797 1087 1053 1142 dominoque
1074 1101 1170 1128 reus
1191 1101 1284 1128 sum

222 1141 353 1184 Cuius
373 1143 426 1184 ab
447 1143 626 1197 imperio
648 1158 776 1197 posco
798 1157 973 1198 gemens
996 1143 1178 1184 ueniam.

29 1245 33 1251 ι
163 1197 351 1252 Imperet
370 1202 532 1240 armato
553 1199 689 1253 pietas
710 1202 795 1253 tua,
817 1214 1024 1253 prospera
1049 1199 1222 1240 mandet

24 1292 35 1304 ,
82 1262 148 1294 110
223 1253 314 1295 Rex
335 1253 616 1308 dominusque
637 1269 755 1296 meus
777 1269 943 1309 semper
964 1255 1121 1309 ubique
1142 1254 1257 1308 pius:

25 1312 31 1319 ’
164 1309 255 1352 Nec
275 1309 381 1351 mihi
402 1309 617 1352 dissimilis
639 1325 765 1365 quam
787 1311 900 1365 quod
922 1311 1031 1353 solet
1052 1324 1142 1352 esse
1164 1310 1344 1351 cateruis

221 1364 287 1408 Sit
306 1366 464 1420 pietate
485 1381 573 1420 sua,
595 1367 650 1408 sit
670 1367 807 1408 bonus
828 1369 870 1408 et
889 1367 1093 1420 placidus.

164 1420 277 1464 Nam
306 1425 381 1463 tua
409 1425 509 1463 sunt
536 1436 813 1477 quaecunque
849 1423 962 1477 gerit
989 1436 1265 1477 quaecunque
1301 1422 1362 1463 iu-

1024 1478 1160 1531 bebit,

220 1532 513 1588 Iudiciumque
535 1533 601 1575 dei
623 1534 740 1589 regia
760 1536 890 1576 uerba
910 1535 1065 1575 ferunt.

81 1597 146 1629 115
165 1588 357 1631 Exorent
377 1591 479 1631 haec
500 1604 634 1643 pauca
655 1590 779 1631 deum
801 1591 873 1645 qui
895 1591 1049 1632 mentis
1071 1592 1243 1644 opertae

220 1644 423 1687 Sensibus
444 1646 643 1687 aetheriis
665 1646 836 1688 condita
857 1649 958 1688 uota
978 1646 1107 1687 uidet.

163 1700 233 1742 Ad
250 1703 294 1742 te
315 1715 441 1755 nunc,
464 1702 673 1756 princeps,
695 1715 789 1743 mea
804 1702 901 1743 uela
919 1704 1145 1756 retorqueo
1164 1701 1360 1755 supplex,

219 1756 397 1798 Pectore
418 1760 560 1799 mente
580 1771 737 1814 rogans
758 1766 1097 1812 uoce'manuque
1117 1759 1289 1811 petens:

164 1811 232 1854 Da
251 1812 440 1854 dextram
461 1814 635 1867 misero,
657 1814 828 1855 ueniam
849 1813 1031 1856 concede
1052 1814 1256 1868 precanti,

80 1876 147 1908 120
224 1867 433 1923 Tempore
452 1872 542 1910 tam
563 1870 693 1925 longo
714 1884 803 1911 non
825 1869 944 1911 decet
963 1870 1026 1911 ira
1046 1870 1177 1923 pium.

192 2005 235 2037 94
266 2003 326 2036 uel
356 2004 537 2036 dominum
565 2016 661 2047 quam
687 2008 789 2046 posui
818 2005 988 2037 Sirmondi
1017 2007 1115 2037 lectio
1146 2005 1186 2036 ab
1212 2005 1363 2037 Areualo

77 2054 219 2090 recepta
246 2060 368 2091 parum
397 2052 523 2091 placet.
562 2052 644 2082 latet
672 2051 823 2090 fortasse
855 2061 971 2083 nomen
1000 2051 1177 2091 proprium
1213 2050 1266 2081 uel
1297 2060 1363 2082 ceu

122 2095 168 2127 95
191 2093 381 2136 prophana
475 2096 517 2126 96
543 2096 664 2128 norint
688 2096 888 2136 interpolati
909 2100 942 2127 et
968 2096 1136 2127 Areualus
1248 2095 1290 2126 99
1315 2095 1364 2126 Et

78 2141 200 2171 tamen
229 2149 320 2172 corr.
346 2138 473 2171 Buech.
499 2138 504 2180 Ι
531 2139 702 2182 indulges
728 2141 905 2172 Areualus.
935 2139 1129 2182 indulgens
1160 2140 1259 2171 etiam
1289 2139 1364 2171 Sir-

77 2184 179 2216 mond
224 2222 227 2226 ¹
271 2184 334 2217 105
365 2183 474 2216 ullius
505 2194 595 2218 corr.
619 2186 790 2217 Areualus
815 2195 861 2217 ea:
885 2185 1100 2226 interpolatis
1133 2184 1137 2224 Ι
1170 2194 1254 2216 orsa
1286 2183 1361 2216 Sir-

75 2228 177 2304 νέωιά
268 2229 331 2260 112
360 2233 426 2261 tua
452 2229 623 2262 Areualus
650 2240 717 2262 sua
746 2231 844 2262 etiam
875 2229 1034 2262 Sirmond
1134 2231 1196 2261 119
1230 2228 1364 2261 fatenti

105 2273 240 2306 irmond

1045 2327 1092 2361 6*
