1635 2522
302 517 612 564 SERMONIS
651 517 1087 565 DRACONTIANI
1125 519 1454 567 SPECIMEN.

237 651 369 685 Nullus
405 651 456 685 ab
490 650 632 686 insidiis
657 652 759 687 locus
785 652 840 686 est

257 697 321 741 qui
364 698 492 732 fraude
536 698 688 733 uacabit
724 698 757 732 V
796 702 840 733 44

259 744 339 788 quis
381 744 453 778 nisi
496 745 648 779 caelesti
692 745 841 779 demens

258 792 467 835 compulsus
504 792 556 826 ab
593 792 649 826 ira
693 791 770 825 Sat.
797 795 840 826 27

258 838 314 872 sol
337 838 500 872 fuscatur
526 838 578 872 ab
604 838 736 873 umbra
764 838 842 873 Sat.

258 888 326 919 243
358 886 477 918 mater
503 885 555 918 ab
580 884 687 919 undis
722 884 754 918 Τ
755 885 844 920 laetis

258 930 309 965 IX
335 935 402 965 209
429 932 552 965 noster
574 930 764 966 Narcissus
791 932 842 966 ab

258 977 365 1011 undis
391 978 424 1011 II
453 982 517 1012 136

238 1035 437 1067 manesque
457 1024 633 1069 sepulcris
659 1036 678 1060 3
688 1025 712 1059 b
721 1024 790 1059 dic
799 1036 820 1060 a
828 1037 843 1059 3

258 1070 311 1105 ΙΧ
338 1075 403 1105 129

236 1119 407 1152 natorum
438 1118 548 1153 turba
577 1118 736 1164 stipatus
771 1120 843 1154 ab·

260 1164 359 1199 ibat
390 1163 476 1198 VIII
502 1169 546 1200 85
587 1177 661 1201 non
691 1166 844 1201 inhono-

260 1222 320 1245 rus
352 1222 452 1245 eram
481 1212 543 1246 sed
568 1213 677 1247 laude
703 1213 844 1247 redem-

259 1258 345 1301 ptus
371 1257 541 1292 abirem
565 1259 635 1294 VII
660 1264 682 1294 4
710 1260 774 1294 sed
799 1271 844 1295 ne

259 1304 453 1338 fraudatus
479 1305 628 1340 abires
653 1306 686 1339 V
713 1311 781 1341 300

239 1351 426 1385 ablatiuus
445 1351 594 1386 fuderat
606 1352 744 1387 Idalius
763 1364 844 1397 gre·

261 1397 336 1433 mio
354 1409 390 1432 se
410 1397 505 1433 forte
523 1399 688 1443 parentis
702 1400 735 1434 II
749 1405 770 1433 4
789 1399 843 1434 in-

262 1444 343 1478 sula
367 1445 529 1479 delubris
554 1447 727 1481 natorum
749 1447 846 1481 00113

263 1491 414 1525 secabat
428 1491 460 1524 V
476 1496 542 1527 146
563 1493 640 1527 solo
656 1505 739 1528 cum
752 1505 847 1528 mor-

262 1537 327 1572 det
357 1549 507 1573 arenam
538 1539 572 1572 V
599 1544 666 1575 -284
698 1542 848 1575 ornatus

264 1583 385 1619 fronte
413 1586 595 1630 corymbis
620 1587 672 1621 VI
699 1591 742 1622 67
773 1588 848 1622 del-

263 1631 378 1675 phine
392 1632 520 1666 sedens
536 1632 697 1668 Galatea
712 1633 849 1669 minaci

263 1677 332 1711 VII
361 1682 424 1712 151
453 1679 649 1714 Thessalus
675 1680 850 1715 Emathia

262 1723 386 1758 fratris
406 1725 566 1760 nutritus
580 1727 742 1762 Achilles
762 1727 848 1761 VIII

264 1775 330 1805 321
361 1771 425 1805 ubi
451 1771 632 1817 dispersos
657 1774 768 1819 longo
794 1774 848 1808 ui-

263 1817 328 1852 det
353 1829 510 1861 aequore
537 1819 650 1854 Troas
672 1820 759 1854 VIII
779 1824 848 1855 400

264 1864 473 1899 Lacaenam
499 1865 608 1901 litore
633 1878 707 1902 11011
725 1867 849 1912 posuit

264 1911 389 1945 media
432 1912 496 1946 sed
538 1925 663 1958 puppe
709 1914 849 1949 locauit

264 1958 351 1993 VIII
389 1962 455 1993 566
497 1959 617 2004 pietas
654 1961 684 1995 si
721 1962 849 1996 sancta

264 2005 433 2040 manebit
475 2017 628 2051 corpore
672 2008 850 2053 belligero

268 2052 317 2086 IX
368 2056 410 2086 31
462 2064 627 2098 pugnam
674 2054 851 2089 thalamis

267 2101 414 2133 exercet
433 2099 483 2133 IX
503 2105 546 2135 59
573 2102 615 2135 tu
635 2101 737 2136 caelo
759 2100 851 2145 Cyn-

265 2145 348 2180 thia
367 2157 497 2191 iegnas
523 2147 556 2181 X
579 2151 645 2183 190
671 2148 770 2183 iacet
787 2149 852 2183 ho-

268 2192 341 2227 stia
365 2193 515 2238 templis
540 2193 573 2228 X
599 2199 664 2230 193
697 2195 852 2230 *domus

266 2242 323 2274 est
349 2251 413 2275 ora
439 2240 641 2276 clarissima
666 2242 795 2276 mundi
820 2241 853 2275 X

932 655 1001 687 400
1045 663 1118 696 qua
1156 652 1286 697 (Luna)
1324 653 1515 688 minuente

931 698 1026 751 polis
1046 699 1123 733 S.at
1138 703 1206 734 238
1231 699 1420 743 reptantia
1432 711 1516 753 813-

933 745 1035 779 1111113
1047 745 1154 780 terris
1171 745 1248 779 Sat.
1265 747 1518 781 277-11111113

935 792 980 826 de
982 792 1112 836 pellite
1146 791 1300 826 fratrem
1336 792 1423 827 VIII
1451 797 1516 828 161

934 839 1084 882 pectore
1112 838 1232 873 Cisseo
1263 839 1432 883 rapiatur
1463 839 1519 884 pi-

936 897 1028 937 gnus
1048 885 1221 920 acerbum
1240 884 1273 918 V
1275 886 1326 920 III
1348 890 1415 921 164
1434 897 1520 932 gur-

935 931 1012 976 gite
1051 933 1203 967 curuato
1241 932 1434 976 rapiuntur
1473 932 1521 967 ad.

936 980 1036 1013 astra
1059 978 1228 1013 liburnae
1254 978 1341 1013 VIII
1367 983 1434 1014 387
1461 990 1521 1014 ex-

934 1026 1084 1069 torquet
1114 1025 1253 1060 uertice
1286 1025 1402 1060 crines
1433 1025 1521 1060 VIII

937 1075 1004 1106 576
1028 1072 1249 1107 subduceret
1268 1072 1398 1107 arbore
1417 1072 1523 1107 lanas

936 1118 970 1152 X
989 1123 1033 1153 35
1059 1119 1181 1153 soluat
1206 1119 1347 1154 ceruice
1371 1120 1520 1153 catenas

938 1165 971 1198 X
993 1169 1035 1200 78
1063 1165 1264 1209 matrisque
1283 1165 1364 1199 sinu
1383 1176 1420 1200 se
1440 1165 1522 1200 sub-

936 1211 1054 1246 trahit
1068 1213 1144 1247 ales
1156 1212 1190 1245 X
1207 1216 1272 1246 145
1292 1213 1430 1246 uenatu
1442 1212 1523 1246 red-

937 1259 1015 1293 iens
1050 1259 1083 1292 X
1115 1262 1182 1293 284
1221 1258 1345 1292 stratis
1380 1257 1523 1303 rapitur

936 1305 969 1339 X
996 1310 1064 1340 360
1095 1305 1160 1340 *30
1184 1305 1317 1339 tellure
1344 1305 1523 1340 leuabant

914 1399 1125 1443 accipiat
1161 1400 1244 1443 post
1282 1410 1388 1433 crura
1424 1399 1525 1433 rotas

939 1446 1008 1480 Vll
1034 1450 1078 1480 85
1116 1445 1352 1490 accipiunt
1376 1448 1524 1480 sumwnt

940 1493 972 1526 X
998 1497 1066 1527 365

917 1540 1208 1574 accusatiuus
1234 1550 1311 1574 cum
1332 1539 1452 1573 uerbis
1472 1549 1525 1573 ro-

940 1587 1056 1631 gandi
1103 1587 1272 1631 iunyztw
1321 1585 1525 1620 Telamona

942 1633 1074 1667 ducem
1111 1634 1332 1667 conuentum
1369 1642 1526 1676 exposce

942 1691 1103 1714 sororem
1135 1679 1219 1713 VIII
1246 1683 1313 1713 226
1349 1679 1437 1713 dum
1462 1689 1525 1722 pe-

940 1727 1036 1761 teret
1050 1725 1248 1761 Dominum
1275 1725 1352 1760 Sat.
1370 1729 1435 1760 168
1462 1723 1527 1768 qui

941 1772 1061 1817 poscit
1078 1794 1113 1797 —
1139 1773 1257 1807 Deum
1284 1772 1360 1806 Sat.
1383 1775 1451 1806 305
1478 1771 1525 1814 cf.

944 1819 1055 1854 Owst.
1083 1823 1150 1854 533

919 1866 1033 1901 30113
1059 1866 1138 1900 31113
1164 1865 1241 1900 Sat.
1269 1869 1336 1900 256

919 1913 971 1948 ad
1005 1912 1166 1957 Cyprum
1198 1911 1410 1947 uenientem
1441 1909 1528 1945 VIII

946 1964 1012 1995 573
1050 1970 1189 2004 ponens
1215 1959 1268 1993 ad
1293 1958 1401 1993 busta
1432 1967 1528 1992 coro-

943 2018 1030 2041 nam
1055 2006 1088 2040 X
1113 2010 1180 2041 496
1216 2005 1345 2039 infelix
1376 2004 1429 2039 ad
1460 2003 1528 2038 cri-

945 2053 1045 2087 mina
1090 2052 1254 2087 conscius
1297 2062 1373 2086 esse
1417 2049 1450 2083 V
1485 2054 1526 2085 71

946 2101 1000 2134 ad
1031 2099 1160 2134 Persas
1195 2099 1312 2133 honor
1349 2098 1405 2132 031
1436 2097 1467 2131 31
1493 2117 1530 2122 -

946 2147 997 2181 IX
1023 2151 1067 2181 80

922 2193 1017 2238 (pius
1053 2193 1173 2235 ardor)
1213 2191 1420 2226 adfectus
1458 2189 1529 2224 dis-

945 2241 1078 2285 pensat
1102 2239 1188 2273 VIII
1216 2243 1283 2273 114
1571 2242 1576 2247 ”
