1635 2522
583 119 902 154 sAr1srAcrro
1334 121 1387 164 37

255 217 443 261 Horrida
463 232 719 259 concurrens
739 218 885 260 uincat
904 218 950 259 in
972 232 1089 260 arma
1109 220 1315 262 fremens:

199 273 291 316 Rex
311 274 384 328 qui
405 273 479 315 dat
498 274 669 315 ueniam
688 273 878 315 subiecto
901 276 943 315 et
963 276 1172 328 temperat
1192 275 1288 329 iras,

113 338 181 371 210
257 329 359 372 Plus
380 344 507 384 quam
527 330 651 371 turba
670 329 775 370 facit
782 362 793 383 ‚
815 330 888 384 qui
909 343 984 370 sua
1005 330 1131 371 eorda
1153 330 1307 373 domat.

199 384 259 427 Te
280 385 381 427 deus
402 385 611 440 aspiciens
633 384 846 426 effundere
867 385 982 426 nolle
1004 399 1208 440 cruorem,

258 440 320 483 Ut
340 441 431 482 sine
452 444 624 495 peccato
646 455 734 483 non
750 441 840 482 sine
860 440 984 482 laude
1005 440 1135 495 daret,

201 496 396 539 Contulit
414 497 580 538 absenti
600 500 736 538 terrae
757 496 983 551 pelagique
1004 497 1264 552 triumphos:

258 552 411 594 Ansila
430 555 621 605 testatur,
643 552 816 593 Maurus
838 553 994 606 ubique
1016 553 1135 594 iacet.

28 599 67 651 ’,
114 616 181 648 215
202 607 325 657 Quod
344 610 524 662 pereunt
543 607 687 649 hostes
710 608 821 662 regis
842 608 1016 649 fortuna
1037 612 1226 662 uocatur,

257 662 379 712 Quod
397 666 579 717 pereunt
597 663 746 718 populi
767 663 972 717 temporis
994 663 1096 705 ordo
1118 665 1247 720 regit:

197 718 310 761 Nam
331 719 367 760 si
388 719 583 760 debilitas
604 719 762 760 faceret
781 718 1014 760 discurrere
1034 723 1204 772 mortes,

255 773 358 816 Non
378 775 577 816 caderent
596 789 702 829 puer
723 778 797 816 aut
816 775 976 816 femina
996 789 1119 816 sexus
1140 776 1267 817 iners.

201 829 356 872 Omnia
373 833 541 885 tempus
556 831 658 886 agit,
669 845 764 872 cum
780 833 971 884 tempore
983 834 1137 872 cuncta
1152 831 1393 886 trahuntur,

53 894 58 899 '
113 894 184 926 220
259 885 469 940 Tempora
490 892 593 927 eunt
613 888 739 939 uitae,
761 890 954 940 tempora
973 887 1122 928 mortis
1145 891 1266 929 eunt:

199 940 282 984 Sex
303 945 403 983 sunt
423 945 581 984 aetates
602 942 823 984 hominum
844 942 993 996 procul
1014 957 1147 996 usque
1169 947 1396 997 senectam,

255 997 348 1039 Hae
368 997 568 1040 distincta
587 1001 737 1039 tenent
756 1001 949 1052 tempora
970 1013 1161 1053 quaeque
1183 1014 1271 1040 sua.

199 1053 239 1095 N
244 1053 406 1108 unquid
423 1053 665 1096 adultorum
687 1055 887 1108 strepitus
908 1054 1091 1095 infantia
1111 1055 1290 1109 simplex

256 1108 458 1151 Uindicat
477 1113 551 1151 aut
569 1110 764 1151 fremitus
785 1111 907 1165 pigra
928 1113 1121 1151 senectus
1142 1110 1298 1152 habet?

116 1173 182 1205 225
201 1164 304 1206 Non
326 1165 553 1207 catulaster
573 1166 663 1221 agit
682 1166 884 1220 puerilia,
906 1180 994 1207 non
1015 1180 1121 1220 puer
1141 1166 1268 1208 audet

255 1222 495 1263 Attrectare
515 1225 636 1263 tener
656 1221 812 1263 Martia
832 1221 917 1263 tela
938 1236 1079 1262 manu.

197 1275 300 1318 Non
320 1277 425 1318 furit
445 1277 490 1318 in
507 1276 718 1319 Uenerem
737 1278 929 1319 nondum
949 1277 1210 1332 pubentibus
1231 1278 1355 1319 annis

254 1332 296 1374 N
300 1347 347 1374 ec
367 1333 444 1374 sub
468 1333 571 1375 flore
593 1348 726 1389 genae
746 1333 957 1375 marcidus
979 1337 1043 1375 est
1063 1334 1242 1387 iuuenis,

197 1387 393 1430 Maturus
412 1392 588 1442 tractat,
610 1390 744 1444 gemit
763 1394 806 1430 et
825 1389 1104 1430 tremebunda
1124 1392 1318 1431 senectus

113 1452 182 1485 230
256 1443 411 1486 Nescia
431 1445 612 1487 feruoris
633 1445 701 1487 uel
722 1445 909 1487 leuitatis
929 1445 1066 1499 inops,

197 1499 240 1542 N
243 1501 405 1555 unquid
424 1516 524 1543 mox
544 1504 665 1543 natas
687 1505 850 1556 segetes
871 1501 988 1542 uiror
1008 1503 1145 1542 armat
1165 1501 1304 1543 aristis

256 1555 453 1598 Floribus
474 1560 549 1599 aut
568 1557 724 1613 genitis
746 1558 907 1599 fructus
929 1558 1041 1598 inest
1060 1557 1232 1598 subito?

197 1611 410 1654 Nouimus
431 1617 544 1655 astra
562 1613 653 1667 poli
675 1613 891 1655 confectos
912 1613 1088 1667 perdere
1109 1626 1254 1654 cursus

256 1667 593 1723 Transactasque
615 1669 741 1710 simul
763 1669 821 1710 sic
843 1669 1045 1723 repetisse
1067 1668 1171 1709 uias.

114 1731 182 1764 235
202 1722 410 1778 Tempore
431 1725 535 1766 luna
555 1739 631 1766 suo
653 1725 804 1766 crescit
825 1725 893 1766 uel
915 1724 1055 1766 deficit
1077 1725 1190 1777 orbe,

255 1779 385 1822 Cuius
406 1780 459 1822 ad
478 1784 662 1822 aetatem
682 1781 866 1835 plurima
886 1780 979 1835 lege
1000 1783 1165 1821 notant.

198 1834 240 1877 N
242 1850 310 1883 am
331 1836 434 1878 luna
456 1840 669 1878 crescente
690 1838 848 1878 fretum
869 1838 1087 1877 crementa
1105 1836 1294 1890 resumit,

257 1890 349 1939 Qua
369 1892 588 1933 minuente
608 1892 718 1946 polis
739 1895 803 1933 est
823 1892 965 1933 minor
985 1891 1099 1932 unda
1118 1891 1257 1932 maris.

199 1946 385 2001 Cynthia
405 1948 505 1989 dum
526 1949 676 1989 crescit
695 1948 835 1990 fontes
857 1950 899 1989 et
919 1947 1096 1989 fiumina
1116 1950 1323 2000 crescunt,

111 2011 178 2043 240
254 2002 371 2046 Haec
393 2003 540 2045 eadem
562 2004 765 2045 minuunt
786 2003 972 2058 Cynthia
993 2003 1092 2044 dum
1114 2003 1281 2044 minuit.

208 2117 274 2149 208
303 2117 419 2150 uincit
516 2119 581 2150 213
608 2117 772 2151 Consulit
795 2129 841 2150 ea:
866 2119 1080 2159 interpolatis
1110 2128 1200 2151 corr.
1228 2118 1399 2150 Areualus

168 2162 237 2194 214
271 2162 394 2194 Marus
429 2173 476 2194 ex
510 2164 724 2205 interpolatis
753 2173 842 2195 corr.
874 2163 1044 2194 Areualus
1143 2162 1208 2193 218
1240 2162 1341 2204 pueri

112 2206 180 2239 225
211 2206 408 2239 catulaster
437 2218 527 2242 corr.
553 2218 599 2240 ex
629 2208 835 2240 eatuiaster
862 2218 947 2239 man.
974 2218 1043 2239 rec.
1068 2205 1270 2238 catulastra
1301 2206 1398 2249 gerit

113 2249 273 2284 Sir-mand
369 2253 434 2286 231
459 2253 564 2294 uigor
588 2255 709 2285 mauult
726 2254 896 2285 Areualus
988 2253 1053 2284 236
1078 2253 1172 2283 malis
1204 2255 1239 2283 et
1330 2252 1396 2284 239

113 2294 267 2335 Quintia
357 2297 424 2330 240
457 2299 564 2342 qutia
