1635 2522
201 74 257 115 94
757 76 923 110 INDEX.

219 177 402 218 productio
461 186 568 209 sacra
614 177 805 209 Dionaeae

222 221 348 253 matris
380 221 467 253 VIII
498 223 563 253 515
597 222 642 262 cf.
678 221 807 264 prris

225 265 383 306 Cythere
399 266 524 298 Uenus

199 309 331 341 miluus
368 310 468 342 Ditis
511 310 590 342 auis
621 310 708 341 VIII
738 312 807 342 466

222 354 318 386 atria
334 354 434 386 Ditis
452 353 485 384 X
503 356 564 386 191
591 355 727 386 inferni
747 365 808 386 uo-

222 398 344 430 lucres
361 399 519 440 raptoris
538 399 700 431 obuncas
717 399 806 432 VIII

220 444 287 475 477
312 443 358 483 ef,
385 443 494 474 Pluto

198 486 374 519 Dominus
388 489 480 528 Deus
493 487 570 519 Sat.
584 488 627 520 96
646 489 710 521 168
728 490 793 521 293

198 533 335 563 Dorica
353 535 475 564 castra
498 532 586 565 VIII
605 533 667 564 127
692 543 806 574 regna

214 576 303 608 VIII
328 577 394 608 228

198 620 364 652 Blossius
387 621 561 653 Aemilius
585 621 806 654 Dracontius

220 665 278 696 uir
318 665 543 698 clarissimus
583 670 620 698 et
654 670 804 708 togatus

222 710 293 741 fori
317 711 544 750 proconsulis
569 711 686 743 almae
712 713 804 743 Kar—

221 754 383 796 thaginis
421 755 517 797 apud
553 756 803 797 proconsulem

220 799 803 841 PacidegiumVinsubscriptione.

220 844 406 885 praefatio
425 845 609 876 Dracontii
634 845 804 886 discipuli

221 888 266 919 ad
285 890 562 930 grammaticum
575 889 805 922 Felicianum

219 933 236 964 Ι
275 934 308 964 in
348 935 569 975 inscriptione
609 935 804 967 Dracontii

220 987 308 1019 opus
335 978 378 1009 de
404 982 511 1020 raptu
528 979 696 1011 Helenae
718 979 806 1011 VIII

218 1023 805 1108 {123⁸{5'2'5ff02-'5232ffl323‘2333‘

219 1111 334 1143 factio
369 1112 560 1145 Dracontii
594 1113 638 1144 ad
669 1112 805 1146 Gutha-

219 1156 390 1188 mundum
414 1167 537 1199 regem
556 1158 804 1190 Uandalorum

220 1200 294 1233 Sat.
334 1202 368 1233 in
397 1202 654 1244 subscriptione.
703 1203 805 1244 quid-

220 1245 304 1287 quid
319 1247 538 1288 contempsit
551 1251 709 1289 uterque
719 1248 807 1288 (Ho-

217 1300 328 1322 merus
358 1296 390 1322 el
423 1291 607 1333 Uergilius)
637 1292 805 1324 Scribere

218 1334 450 1376 Musagencs,
470 1336 537 1368 hoc
563 1336 648 1368 uilis
673 1336 806 1379 colligo

218 1383 322 1411 uates
342 1380 428 1411 VIII
440 1382 483 1413 23
508 1392 529 1412 a
546 1382 719 1414 Felieiano
744 1384 806 1413 Iin-

216 1435 314 1465 ynam
349 1427 487 1457 latinam
522 1427 641 1458 (locius
677 1426 731 1458 ΙΙΙ
764 1428 804 1458 17

218 1470 289 1501 eins
313 1480 383 1501 enm
399 1471 494 1503 domo
512 1471 711 1503 [lictorz'ana
727 1482 804 1504 con-

215 1515 358 1545 suetudo
385 1515 435 1547 VI
460 1517 502 1547 36
527 1526 601 1558 sqq.
632 1518 716 1548 iuris
743 1527 804 1557 pe-

216 1560 302 1590 ritus
334 1559 363 1590 V
402 1560 530 1592 subscr.
563 1565 596 1592 et
633 1561 701 1593 VII
742 1563 803 1593 123

216 1603 307 1635 licet.
347 1605 515 1646 exiguum
555 1608 677 1637 tamen
710 1607 806 1638 inter

217 1649 299 1680 iura
324 1652 479 1689 poetam.
525 1655 627 1691 pater
654 1651 804 1690 familias

217 1692 290 1725 Sat.
317 1694 382 1726 283
406 1695 560 1735 captiuus
585 1695 655 1727 VII
672 1697 714 1727 25
741 1696 805 1727 106

218 1739 282 1770 119
295 1748 368 1780 sqq.
396 1740 461 1771 134
485 1738 558 1771 Sat.
584 1740 650 1772 283
663 1750 713 1782 sq.
740 1741 803 1772 312

217 1784 287 1814 eins
316 1785 416 1824 eulpa
441 1783 509 1814 VII
542 1785 605 1816 127
629 1795 702 1827 sqq.
729 1784 803 1818 Sat.

216 1829 350 1860 21—28
365 1829 407 1861 53
423 1829 465 1861 93
480 1839 532 1870 sq.
558 1831 622 1861 105
647 1830 804 1861 christia-

216 1883 277 1904 nus
290 1873 341 1904 VI
356 1874 398 1906 88
412 1873 554 1906 V11132
571 1873 620 1905 IX
637 1875 677 1905 16
691 1884 742 1916 sq.
760 1876 803 1907 36

218 1919 282 1950 134
299 1919 364 1950 226
382 1917 414 1948 X
431 1920 497 1950 414
513 1920 579 1950 434
603 1919 804 1958 Sati-efactio

194 1962 361 2004 Dryades
387 1963 455 1995 VII
480 1965 523 1996 34

192 2051 366 2084 Emathia
374 2053 534 2085 nutritus
543 2053 704 2098 Achilles
715 2053 803 2086 VIII

193 2097 429 2182 (giiilymion)
454 2142 487 2174 X
514 2144 577 2174 147

194 2184 292 2218 ¹'‘Eos
319 2187 403 2219 VIII
428 2188 471 2219 46
496 2189 595 2220 Eous
620 2186 652 2218 X
680 2189 743 2221 103

192 2231 303 2264 Erebi
328 2242 420 2274 gens
444 2232 544 2264 clara
561 2234 631 2265 mei
652 2234 801 2266 Achilles

214 2275 267 2309 IX
295 2278 358 2310 125
384 2287 448 2309 rex
472 2278 583 2310 Erebi
608 2278 639 2309 X
665 2279 730 2311 436

877 177 1036 209 crudelis
1067 178 1241 211 Erichtho
1272 179 1304 211 V
1330 180 1394 212 130
1425 181 1488 212 de-

896 223 1056 254 scribitur
1078 223 1159 255 ibid.
1185 225 1361 256 131—135

875 266 1046 299 Eteocles
1070 266 1102 297 X
1128 269 1194 300 585

875 311 1022 352 Europa
1047 311 1135 343 VIII
1159 314 1223 344 558
1247 312 1281 343 X
1297 314 1363 345 315
1386 313 1482 355 Age-

899 356 1002 388 noria
1027 356 1170 388 soboles
1195 356 1282 389 VIII
1306 359 1368 389 561

875 444 1028 476 Fabiani
1044 445 1236 485 sanguinis
1250 445 1360 477 index
1368 444 1439 477 VII
1451 446 1472 478 2

875 489 994 520 Fauni
1019 489 1088 521 VII
1113 491 1156 521 35

875 532 1084 565 Felicianns
1116 535 1376 575 grammaticus
1399 533 1418 565 I
1446 535 1482 566 in

896 579 1116 619 inscriptione
1133 578 1188 610 III
1204 580 1238 610 in
1251 580 1472 620 inscriptione

874 620 1056 655 *Feretus
1073 623 1105 654 X
1123 625 1188 656 532
1205 624 1248 664 cf.
1265 623 1392 666 Hygin.
1407 623 1482 664 fab.

896 667 940 699 25
964 668 1028 700 239
1064 668 1120 700 ubi
1142 668 1227 700 liber
1258 668 1485 709 Frisinyensis

891 712 1037 752 praebet
1059 713 1256 745 Pheretum

872 756 1034 788 Fortuna
1056 760 1186 798 potens
1211 757 1298 789 VIII
1327 760 1387 790 133

872 800 1039 833 Francus
1067 802 1094 831 V
1119 803 1161 834 35

872 845 1006 878 Furiae
1043 845 1076 876 X
1111 848 1177 879 458
1213 847 1278 879 539
1314 848 1380 878 542
1415 847 1479 879 571

896 890 1028 922 Furias
1052 891 1088 923 11
1108 893 1172 923 120
1188 890 1220 921 X
1238 893 1303 924 435
1320 893 1385 923 448
1402 892 1467 924 457

873 933 1016 967 *Furor
1032 935 1065 966 X
1082 937 1148 968 563
1173 936 1310 968 furores
1328 935 1361 966 X
1379 937 1448 968 529

878 1023 1034 1056 Galatea
1069 1025 1106 1055 II
1136 1026 1179 1057 34
1217 1024 1387 1067 delphine
1428 1034 1484 1057 se-

898 1067 988 1100 dens
1031 1069 1189 1101 Galatea
1232 1071 1366 1101 minaci
1418 1071 1486 1103 Ne-

896 1117 1047 1153 ptunum
1073 1114 1271 1156 perfundet
1289 1115 1394 1156 aquis
1412 1114 1482 1148 VII

899 1159 961 1190 151

874 1203 1115 1235 Romanorum
1131 1203 1247 1235 Gallis
1261 1203 1400 1235 uexilla
1415 1203 1484 1245 (tu-

899 1247 943 1279 lit
969 1247 1157 1289 Camillus)
1185 1250 1215 1280 V
1240 1250 1304 1280 217

876 1291 1006 1323 Troius
1037 1292 1098 1324 ille
1129 1303 1218 1334 puer
1249 1292 1481 1334 Ganymedes

900 1337 1065 1368 eonditor
1082 1338 1174 1369 artis
1197 1339 1369 1379 auguralis
1394 1337 1483 1370 VIII

897 1382 964 1413 479
992 1382 1035 1421 cf.
1062 1382 1097 1413 11
1122 1383 1164 1414 23

874 1423 1138 1467 *Gargilianae
1148 1427 1311 1459 thermae
1327 1427 1382 1459 ubi
1392 1428 1483 1459 Dra-

899 1472 1042 1502 contius
1074 1472 1361 1504 controuersiam
1386 1471 1481 1503 dixit

896 1517 927 1548 V
968 1519 1001 1546 in
1040 1517 1303 1558 subscriptione,
1345 1518 1481 1548 eaedem

897 1561 1044 1592 thermae
1068 1561 1123 1593 ubi
1147 1563 1181 1593 in
1204 1564 1391 1594 secretario
1416 1563 1483 1594 col-

897 1607 977 1637 latio
1006 1606 1292 1647 Carthaginiensis
1316 1617 1387 1637 eum
1411 1607 1482 1638 Do-

897 1652 1031 1682 natistis
1067 1651 1179 1682 habita
1209 1656 1259 1682 est
1288 1651 1370 1683 Kal.
1405 1651 1481 1683 Iun.

897 1696 977 1726 anni
1004 1696 1067 1726 411
1103 1697 1144 1727 de
1175 1695 1292 1737 quibus
1321 1696 1483 1736 inspicias

894 1745 992 1780 yesla
1016 1742 1207 1771 collationis
1223 1740 1482 1781 Carllmyinien·

896 1785 943 1815 sis
968 1786 1020 1817 ed.
1048 1786 1150 1816 Paris
1178 1786 1260 1817 1676
1293 1795 1386 1827 coyn.
1413 1784 1431 1816 I
1457 1787 1474 1816 1

898 1828 951 1870 (p.
979 1828 1056 1869 29),
1094 1830 1110 1860 1
1144 1831 1184 1861 10
1215 1829 1270 1871 (p.
1303 1829 1378 1869 31):
1412 1829 1484 1861 erit

898 1877 1018 1905 autem
1050 1873 1240 1906 collationi
1271 1875 1482 1916 aptissimus

897 1917 995 1951 locus
1033 1919 1253 1950 thermarum
1293 1918 1479 1961 Gargilia-

896 1974 1022 1995 narum
1049 1965 1085 1995 in
1104 1974 1210 2004 quem
1229 1964 1286 1995 die
1306 1964 1387 1997 Kal.
1400 1963 1481 1996 Iun.

895 2009 1038 2041 eosdem
1069 2010 1262 2051 episcopos
1292 2009 1388 2042 solos
1419 2009 1482 2050 qui

895 2052 1080 2095 designati
1105 2058 1189 2086 sunt
1206 2058 1377 2095 oporteat
1394 2063 1479 2085 con-

895 2099 1039 2135 uenire,
1079 2109 1175 2139 coqu.
1202 2098 1238 2130 11
1273 2101 1288 2130 1
1321 2099 1375 2139 (p.
1399 2097 1480 2138 62);

894 2153 991 2183 coqu.
1028 2143 1082 2175 111
1120 2146 1135 2175 1
1173 2143 1220 2184 (p.
1253 2143 1329 2183 67);
1370 2144 1481 2175 acidas

894 2188 1075 2230 Augustini
1113 2189 1218 2221 uerba
1264 2190 1296 2220 in
1336 2189 1482 2230 epistola

893 2234 940 2264 ad
974 2234 1175 2266 Donatista-s·
1212 2239 1292 2275 post
1330 2233 1482 2266 collatio-

895 2288 966 2310 nem
989 2277 1090 2312 XXV
1118 2277 1184 2320 (IX
1198 2279 1311 2317 now
1329 2277 1479 2321 Miyne):
