1635 2522
605 153 637 185 x
663 153 841 186 429—490
1309 153 1362 194 75

173 253 352 296 Dixerat
372 255 415 294 et
433 255 546 294 terra
566 251 789 305 strepitum
808 251 1079 292 tremibunda·
1099 251 1256 305 ciebat,

173 309 266 359 Quo
288 311 462 351 steterat
482 307 631 349 Medea
650 307 743 348 loco
765 307 928 347 telluris
948 307 1067 347 hiatu

173 365 382 407 Finditur.
421 364 627 406 attonitas
648 363 827 404 inclinat
847 363 1009 404 cautior
1030 377 1150 403 aures

171 421 229 463 Et
249 434 427 476 surgens
449 418 688 461 ‘audimur'
710 418 801 459 ait‘
814 433 913 459 nam
937 421 1051 459 terra
1070 419 1303 470 tremescit,

11 471 36 558 ξ
87 484 154 518 465
170 475 360 519 Uerbera
385 475 660 531 plaudentum
681 476 883 515 resonant
902 488 978 528 per
998 475 1124 515 inane
1146 451 1360 529 sororuin,

171 532 305 575 Sibila
325 492 507 586 uipliereis
529 531 700 571 uibrant
719 530 796 571 sub
818 529 1014 571 dentibus
1035 544 1206 585 angues.

169 588 255 630 Res
276 589 427 629 melior
446 590 696 640 tempusque
717 589 862 627 monet
883 585 1078 627 redeatur
1099 586 1151 626 ad
1172 586 1340 639 urbem,

170 646 286 686 Ante
307 647 450 685 tamen
471 642 601 683 fluuio
624 656 775 695 corpus
797 644 1013 696 mergatur
1034 644 1076 682 et
1095 641 1254 682 undis.’

171 699 294 748 Quod
314 713 439 754 maga
459 698 699 752 digrediens
720 711 818 738 mox
836 697 1001 751 perficit
1017 700 1059 738 et
1076 697 1185 750 petit
1201 697 1360 739 ur.bem

15 756 20 769 '
86 763 154 796 470
168 754 303 798 Exilit
322 756 485 796 interea
505 755 693 794 tecturus
714 752 885 794 Lucif·e1
905 755 1018 793 astra

172 811 360 853 Puniceo
382 812 610 865 prouectus
631 823 740 863 equo
763 809 998 871 rutilusque
1019 808 1263 862 micansque

175 866 391 910 concusso
412 866 461 907 de
483 879 598 906 crine
620 865 742 906 iubar
762 864 992 905 diffundit
980 879 1025 905 1n
1048 864 1193 904 orbem

103 944 107 947 ·
172 922 446 977 Flammigeri
468 935 610 962 roseas
630 920 886 974 praecedens
907 919 1008 961 solis
1029 919 1207 961 abenas·

175 978 383 1033 Coeperat
404 977 501 1019 aula
521 976 637 1017 ducis
659 976 838 1030 strepitu
859 990 1057 1017 resonare
1079 975 1294 1017 clientum.

89 1043 155 1075 475
171 1034 263 1076 Iam
284 1034 483 1075 Phoebus
504 1032 733 1074 scandebat
754 1046 884 1095 equos
906 1035 948 1072 et
968 1031 1060 1073 luce
1082 1031 1260 1073 rubebat

172 1090 278 1132 Post
296 1092 466 1131 noctem
486 1092 667 1130 uentura
687 1088 794 1141 dies,
816 1088 900 1129 iam
921 1090 1031 1129 tecta
1054 1086 1249 1129 Creontis

171 1146 236 1188 Re
268 1146 362 1187 ibus
383 1144 634 1199 implentur,
657 1144 741 1185 iam
761 1144 956 1198 proxima
975 1144 1098 1198 uirgo
1120 1144 1272 1184 marito

172 1201 225 1244 Se
257 1205 347 1243 erat
367 1204 409 1242 et
428 1201 593 1242 tabulas
614 1200 774 1241 calamo
796 1199 987 1241 sulcabat
1006 1199 1146 1240 Iason.

172 1263 184 1282 ‘
198 1257 468 1300 conuentum
489 1258 767 1310 pactumque'
788 1258 944 1297 sonat
956 1255 1121 1310 signate
1143 1255 1342 1296 'tabellas'

86 1323 154 1355 480
168 1313 354 1356 Horrida
373 1312 575 1354 Tartareo
597 1312 773 1353 ueniens
795 1312 844 1353 de
866 1312 1034 1367 gurgite
1058 1311 1178 1366 uirgo

172 1369 291 1424 Tisip
294 1370 407 1411 hone
429 1369 682 1423 signumque
704 1347 904 1422 premite:³
879 1368 1026 1408 crauisa
1047 1366 1263 1422 Megaera,

172 1425 342 1467 Allecto
363 1425 482 1466 testis
504 1438 619 1466 ceras
641 1424 862 1465 adamante
883 1423 1071 1476 notauit,
1382 1437 1424 1469 [p.
1442 1435 1488 1468 93]

174 1481 400 1537 Anguibus
422 1480 646 1522 horrendis
666 1494 742 1534 per
762 1480 880 1534 regia
899 1482 1012 1520 tecta
1032 1479 1264 1534 flagellant.

171 1537 342 1579 Interea
365 1536 514 1578 Medea
534 1550 692 1577 nouam
712 1536 896 1577 formare
918 1549 1119 1576 coronam

89 1602 156 1634 485
175 1593 385 1647 Coeperat
405 1596 447 1633 et
465 1592 602 1633 niueis
623 1592 828 1633 miscebat
853 1591 1058 1645 sulphura
1078 1591 1204 1632 ceris:

174 1649 254 1691 Pix
275 1652 316 1690 et
337 1652 490 1702 stuppa
510 1648 636 1703 ligat,
659 1648 820 1701 species
842 1647 913 1688 dat
934 1649 1135 1701 quattuor
1155 1647 1257 1688 artis

172 1704 365 1746 Mascula
383 1706 479 1745 tura
500 1718 710 1756 cremans,
733 1703 865 1744 sterili
887 1703 1031 1744 suffire
1054 1717 1251 1757 cypresso

175 1761 288 1802 Cura
307 1760 390 1801 fuit
410 1774 622 1814 cyproque
644 1759 750 1814 ligat
771 1759 885 1813 quod
906 1758 1114 1814 naufraga
1134 1759 1289 1814 puppis

173 1816 437 1869 Perdiderat,
459 1816 632 1857 cristata
651 1830 801 1856 manus
823 1815 985 1856 sancire
1007 1815 1194 1868 iubetur,

91 1880 158 1912 490
174 1872 379 1913 Lambere
400 1871 602 1913 caeruleis
622 1871 814 1925 permisit
835 1874 946 1912 serta
966 1871 1150 1912 cerastis.

13 572 34 606 ,θ’

178 2020 243 2051 461
281 2019 437 2061 spatium
469 2029 560 2051 eor-r.
591 2017 717 2050 [ἵκει-11.
832 2019 896 2049 462
928 2018 1051 2050 hiatus
1082 2018 1126 2055 cf.
1160 2017 1268 2050 Orest.
1296 2020 1364 2050 473

87 2065 154 2097 465
179 2064 288 2095 niane
373 2064 438 2095 466
464 2063 591 2103 Sibyla
671 2065 732 2094 471
762 2068 954 2104 preuectus
980 2074 1069 2096 corr.
1089 2063 1216 2095 Bneelz.
1298 2064 1364 2095 472

89 2109 126 2141 ni
217 2110 283 2141 475
313 2108 438 2140 ruebat
462 2119 552 2140 corn
579 2108 704 2141 Bueclz.
802 2109 866 2139 479
893 2107 1116 2139 (onnectum
1142 2119 1162 2149 γ
1184 2106 1189 2148 Ι
1210 2108 1362 2146 sonant!

89 2154 210 2196 signat
239 2163 329 2186 corr.
355 2153 481 2185 Buech.
511 2157 589 2194 post
622 2154 746 2194 signat
770 2164 857 2184 cmm:
887 2153 1025 2194 appictt
1057 2157 1107 2183 est
1139 2163 1224 2194 quae
1250 2154 1365 2184 eadem

88 2203 167 2231 ante
191 2209 321 2230 uersum
338 2198 545 2239 conspicitur
613 2198 677 2229 481
703 2197 908 2239 Tesiphone
979 2197 1044 2228 482
1069 2195 1231 2229 Allectos
1299 2198 1366 2229 484

88 2247 167 2274 ante
198 2253 366 2275 eoronam
398 2244 517 2275 cicerae
545 2243 797 2283 conspiciuntur
827 2252 872 2274 no
906 2244 968 2274 sed
1002 2247 1193 2294 expansis-ze
1301 2243 1366 2274 487

88 2287 215 2319 ΒιιεεΙι.
231 2288 335 2320 uoluit
361 2290 497 2319 cremat
577 2288 642 2319 488
664 2288 746 2327 fort.
767 2288 910 2319 curauit
930 2286 935 2328 Ι
957 2292 1035 2319 ante
1061 2288 1189 2329 puppis
1214 2289 1367 2328 leyunlur

88 2341 201 2374 cypus
224 2333 288 2364 sed
309 2336 480 2373 expuncta
