1635 2522
273 104 359 133 VIII
771 95 1055 128 PRAEFATIO.

355 172 464 213 Huic
495 172 673 213 editioni
703 172 901 213 subiunxi
933 172 1163 215 tDracon‘ti
1201 173 1547 218 Satisfactio-

270 242 383 269 nem
428 227 480 268 ad
525 226 875 268 [wuthamundum
919 241 1062 291 regem
1105 228 1397 272 Vandalorum
1445 231 1546 274 dum

272 287 381 325 esset
416 283 461 323 in
493 283 698 323 vinculis’
701 315 712 335 ‚
752 283 909 345 quippe
947 284 1066 325 cuius
1104 299 1268 326 summa
1303 286 1349 327 in
1388 287 1545 329 eisdem

272 338 452 393 querelis
482 342 694 390 versetur,
733 352 839 392 quae
870 339 915 379 in
947 339 1220 393 epithalamio
1257 341 1389 383 altero
1422 342 1543 396 (VII)

269 394 558 448 proferuntur.
617 393 743 434 Edidi
780 394 959 457 elegiam
997 395 1144 436 eodem
1184 410 1283 437 usus
1322 411 1406 451 quo
1440 400 1546 440 Are-

270 450 389 491 valus
427 448 569 489 codice
608 448 836 501 Vaticano,
884 451 955 504 qui
997 454 1060 491 est
1098 453 1332 506 Azagrensi
1370 456 1412 494 et
1461 452 1548 495 Sir—

269 504 508 546 mondianis
531 504 583 545 ab
604 504 800 559 Eugenio
822 505 1029 547 Toletano
1060 487 1328 561 interpoolatis
1357 509 1549 563 uberior,

270 561 387 602 cuius
418 574 502 601 nov
506 575 574 600 am
612 561 884 602 collationem
922 576 1062 603 meum
1093 563 1138 603 in
1168 577 1291 604 usum
1321 564 1547 606 accuratis-

270 617 372 658 sime
411 615 596 657 confecit
634 615 842 671 Georgius
879 617 1031 658 Kaibel
1068 618 1239 659 amicus.
1300 617 1442 660 Codex
1481 624 1546 661 est

269 671 551 714 bibliothecae
573 686 658 727 reg.
678 671 798 713 Suec.
820 673 902 714 508
920 673 1066 727 (1267)
1089 675 1436 716 membranaceus
1458 689 1545 716 sae·

269 728 352 770 culi
374 727 586 768 undecimi
605 760 613 768 .
631 728 851 782 descripsit
871 743 967 770 eum
989 729 1196 771 Arevalus
1216 730 1263 770 in
1281 730 1548 783 praefatione

269 798 344 825 sua
380 797 476 838 pag.
509 784 562 824 58
594 798 636 829 80
661 797 701 828 81
747 787 873 837 atque
904 785 1134 839 imaginem
1174 784 1329 826 adiecit
1367 786 1546 827 subscri·

267 840 440 894 ptionis‚
472 839 583 880 unde
614 839 694 881 1100
717 840 887 893 quidem
919 841 1036 881 omni
1058 840 1188 881 dubio
1211 841 1424 894 eximitur,
1456 856 1549 883 esse

268 895 320 937 ad
351 894 700 936 Guthamundum
732 895 912 950 elegiam
942 896 1156 950 scriptam,
1187 896 1260 950 qui
1286 895 1545 952 Carthagine

266 952 463 1006 regnavit
500 951 623 991 annis
639 951 796 1000 484——
805 951 900 993 496.
959 951 1040 993 Sed
1077 951 1127 993 de
1167 952 1233 993 his
1271 953 1396 993 rebus
1434 953 1545 994 aliis-

268 1022 348 1062 que
393 1006 445 1047 ad
489 992 694 1048 Diaconti
736 1007 867 1048 vitam
908 1008 1061 1048 certius
1102 1007 1440 1049 constituendam
1475 1022 1550 1050 ne-

266 1063 456 1105 003301113
500 1077 606 1116 (11100
643 1068 770 1116 poeta
807 1063 896 1125 ipse
927 1063 1087 1104 indicat
1127 1064 1305 1104 collecta
1351 1063 1548 1106 invenies

266 1120 311 1160 in
348 1118 486 1159 indice
516 1119 752 1159 nominum.

351 1174 416 1216 De
445 1188 490 1215 10
529 1175 803 1228 grammatica
836 1178 878 1216 et
907 1175 1082 1216 metrica
1112 1189 1217 1237 quae
1248 1174 1355 1216 scitu
1387 1174 1547 1230 dignis-

267 1232 373 1272 sima
427 1230 699 1284 videbantur,
750 1230 903 1286 collegi
952 1231 997 1271 in
1046 1231 1276 1293 specimine
1324 1231 1544 1284 sermonis,

267 1302 363 1328 eum
393 1300 493 1327 vero
534 1287 606 1340 qui
644 1286 843 1328 maluerit
860 1267 984 1328 ζ11000
1025 1286 1167 1328 omnia
1204 1287 1282 1327 sub
1322 1300 1406 1327 uno
1447 1300 1549 1328 con-

266 1345 413 1397 spectu
443 1343 654 1396 componi,
695 1342 839 1397 relego
861 1341 913 1383 ad
939 1342 1248 1396 praefationem
1270 1356 1397 1396 quam
1418 1340 1544 1384 Caro-

265 1399 330 1440 lus
361 1397 546 1440 Schenkl
577 1398 721 1439 libello
753 1398 790 1439 ei
826 1398 1044 1461 praemisit
1074 1412 1157 1461 quo
1187 1398 1348 1440 Orestis
1378 1400 1547 1452 tragoe-

266 1455 375 1496 diam
409 1453 550 1495 edidit.
611 1453 749 1495 Tanta
779 1455 891 1495 enim
922 1454 992 1495 isti
1027 1454 1206 1495 carmini
1236 1453 1544 1507 dispositionis,

265 1512 503 1563 verborum,
535 1509 753 1563 (1101101113,
784 1510 1050 1565 integrorum
1080 1523 1278 1550 versuum
1307 1509 1541 1551 similitudo

266 1582 362 1609 cum
391 1544 549 1608 11031113
588 1566 843 1607 carminibus
874 1544 1116 1619 intercedit,
1149 1568 1196 1606 ut
1226 1565 1405 1607 eundem
1435 1564 1541 1606 Dra-

265 1623 455 1665 contium
493 1621 685 1663 Orestem
716 1622 930 1676 scripsisse
968 1621 1073 1662 mihi
1105 1620 1274 1675 quidem
1310 1621 1539 1684 persuasis-

264 1680 416 1720 simum
469 1679 534 1719 sit.
594 1677 816 1719 Nonnulla
875 1678 964 1731 ipse
1010 1681 1098 1718 tam
1149 1677 1195 1717 in
1245 1677 1360 1718 notis
1412 1691 1543 1740 quam

263 1736 308 1776 in
348 1735 555 1777 sermonis
592 1734 821 1788 specimine
859 1733 1077 1788 composui
1115 1733 1287 1785 similia,
1325 1733 1449 1787 plura
1477 1733 1542 1774 in·

262 1792 405 1833 veniet
435 1791 676 1845 quicunque
714 1793 891 1844 utraque
932 1789 1118 1830 carmina
1157 1790 1391 1830 accuratius
1427 1802 1540 1830 com-

261 1848 486 1902 paraverit.
548 1845 629 1888 Sed
666 1846 770 1887 haec
814 1846 1032 1887 hactenus.
1086 1859 1233 1886 omnes
1269 1847 1411 1886 autem
1448 1844 1538 1899 qui-

264 1905 341 1945 bus
363 1903 431 1944 1110
451 1902 652 1944 libellus'
641 1917 685 1943 m
707 1916 856 1943 manus
880 1902 1045 1943 venerit
1067 1915 1155 1942 non
1180 1901 1390 1942 minorem
1411 1914 1541 1954 quam

263 1963 419 2001 memet
449 1959 588 2013 ipsum
619 1959 801 2014 gratiam
830 1958 1051 1999 habituros
1082 1971 1171 1998 0330
1199 1956 1450 1998 Buecheleri
1479 1955 1543 1997 di·

264 2016 480 2057 lectissimi
512 2015 797 2069 praeceptoris
828 2015 1002 2069 ingenio
1034 2013 1238 2055 acerrimo
1269 2013 1349 2054 hoc
1379 2012 1480 2053 scio.

379 2092 542 2134 Dabam
575 2093 751 2134 Bonnae
783 2093 848 2134 die
878 2106 994 2134 nono
1025 2091 1181 2133 mensis
1211 2090 1468 2132 Decembris.
