1635 2522
704 109 869 142 INDEX.

149 207 307 249 Tydides
331 208 421 240 VIII
449 209 514 240 324
545 208 609 239 647
649 207 756 249 Tydi-

174 252 252 285 dem
277 253 328 286 IX
353 254 396 285 73
419 253 466 290 cf.
493 251 683 284 Diomedes

149 296 280 339 Tyriae
304 300 427 328 uestes
444 295 533 328 VIII
550 296 615 327 482
640 295 673 326 X
691 296 757 328 ‘258

150 384 397 418 Uandalorum
410 394 474 416 rex
485 382 757 416 Guthamundus

172 428 246 462 Sat.
271 430 305 461 in
332 429 578 470 subscriptione

149 471 274 505 Uenus
298 473 335 505 11
351 475 395 505 45
421 472 480 512 (cf.
498 474 519 504 4
544 475 586 505 36
611 477 644 503 et
663 472 757 510 alibi)

170 516 224 549 VI
247 519 268 549 4
295 518 336 550 16
359 519 402 549 22
426 519 471 549 25
497 519 540 549 96
575 519 638 549 105
669 517 758 549 VIII

171 563 216 594 36
240 563 284 595 64
307 563 372 594 229
391 563 456 593 472
473 571 548 603 sqq.
575 560 607 591 X
624 562 666 592 52
683 571 757 603 sqq.

174 606 238 638 122
251 607 317 639 218
329 607 395 639 269
405 606 470 639 587
483 605 642 638 Uulcani
656 615 758 636 amor

171 649 262 683 VIII
292 651 356 683 168
390 650 546 682 Ueneris
577 649 677 680 bella
704 649 756 680 Ix

171 695 216 726 60
239 697 362 726 castra
386 694 436 726 V1
457 695 500 725 20
524 693 555 724 Χ
573 695 638 726 339
663 703 756 734 myr-

172 741 233 770 tus
267 738 357 770 VIII
393 740 458 771 618
497 748 588 780 puer
623 739 655 769 X
690 739 757 770 460

171 782 346 825 templum
382 782 472 815 VIII
511 784 575 814 451
623 781 757 814 Ueneri

171 826 242 859 VII
275 828 338 859 144
376 827 549 859 Uenerem
580 826 614 858 11
644 827 687 858 48
724 826 756 857 X

172 872 216 904 82
233 872 299 903 596
318 881 389 903 non
410 871 500 903 furit
524 871 561 902 in
577 870 757 903 Uenerem

121 912 126 916 ’
172 915 329 947 nondum
381 915 599 957 pubentibus
650 915 756 946 annis

171 961 302 992 iuuenis
327 959 401 991 Sat.
427 961 492 992 227

150 1003 329 1045 Uerginia
353 1004 385 1035 V
409 1006 475 1036 ‘254

149 1046 366 1090 (Uergilius)
403 1049 464 1091 qui
493 1048 669 1080 Troianos
704 1047 756 1078 in—

171 1094 272 1124 uasit
306 1097 412 1125 nocte
447 1096 557 1135 poeta
589 1092 678 1124 VIII
716 1093 757 1123 19

172 1137 221 1178 ef.
247 1138 291 1169 20
315 1139 356 1169 21
382 1139 426 1170 28

149 1181 363 1214 Uesticolae
386 1182 540 1223 uirginis
558 1182 674 1214 matris
692 1182 757 1213 Ro—

170 1226 251 1258 muli
272 1225 343 1258 Vn
367 1227 410 1257 22

149 1267 414 1302 ‘Uineemalos
444 1280 525 1302 rens
557 1274 596 1302 et
626 1269 758 1302 doctus

173 1313 247 1346 Sat.
270 1315 336 1347 302
366 1315 412 1354 cf.
445 1320 514 1346 not.
545 1316 648 1356 episc.
675 1315 755 1354 Afr.

171 1359 227 1392 ed.
247 1359 401 1392 Ruinart.
424 1357 576 1399 (Histor.
601 1369 758 1400 perseeu-

171 1404 274 1435 tiom's
314 1403 460 1435 Vandal.
498 1403 617 1435 Venet.
650 1402 758 1444 1732)

169 1458 207 1489 p.
233 1449 276 1479 59
300 1457 335 1482 98
371 1448 606 1480 Uincemalus
638 1448 758 1489 Bapa-

172 1491 290 1524 tensis
311 1497 345 1524 et
365 1503 400 1534 p.
419 1494 483 1524 176
501 1503 535 1527 98
566 1492 758 1524 L'incema-

171 1535 230 1568 lus
255 1537 490 1578 Baparensis.
528 1536 641 1568 codex
665 1536 758 1568 Lau-

171 1579 347 1613 dunensis
362 1581 595 1613 Uincemalos
612 1586 645 1613 et
662 1581 757 1613 Mor·-

172 1625 298 1657 cetlium
312 1625 457 1665 Africae
470 1625 677 1659 christianae
694 1627 758 1658 nol.

172 1668 195 1700 1
215 1680 251 1710 p.
274 1671 318 1700 97
339 1670 398 1702 sub
422 1672 620 1711 episcopatu
639 1669 758 1710 Βαρα-

171 1715 283 1746 rensi:
307 1713 554 1747 Uincemalus.
580 1715 617 1745 in
635 1714 758 1746 codice

172 1757 411 1790 Laudunensi
442 1759 575 1801 reperit
604 1758 757 1790 Ruinar-

172 1802 246 1834 tius
253 1801 484 1835 Uiucemalos
497 1813 588 1845 quae
598 1803 760 1845 appella-

174 1847 226 1878 tio
249 1846 281 1881 si
302 1846 552 1879 Africanorum
570 1848 758 1889 ingenium

1350 111 1426 152 101

848 208 1433 252 etconsuetudinemspcctespro-

848 251 1004 284 habilior
1034 253 1149 284 uideri
1175 253 1298 286 debet:
1337 265 1432 286 sum-

848 300 948 338 ptam
986 297 1079 328 enim
1118 299 1232 330 sacris
1265 309 1282 330 e
1314 298 1432 330 literis

850 340 1059 372 crediderim
1079 342 1141 373 ubi
1167 343 1330 374 iubemur
1356 343 1432 374 nin-

851 395 931 416 cere
956 386 992 416 in
1017 385 1110 417 bono
1128 386 1260 418 malum
1282 387 1342 423 (ad
1363 387 1435 418 Ro-

848 439 944 460 man.
987 429 1054 461 XII
1096 430 1165 469 21).
1229 430 1288 462 hic
1329 441 1432 471 porro

849 475 1107 511 nonagesimus
1125 478 1277 506 octauus
1298 481 1352 506 est
1378 475 1434 506 in·

849 522 906 549 ter
945 518 1135 559 episcopos
1182 519 1432 551 Mauretaniae

850 562 1104 594 Caesariensis
1141 573 1231 603 quos
1267 573 1326 594 rex
1360 563 1433 594 Hu-

849 607 993 638 nericus
1011 617 1104 639 anno
1120 606 1435 639 CCCCLXXXIV

850 649 1110 692 Carthaginem
1136 661 1215 682 cnm
1240 651 1325 683 aliis
1349 661 1434 683 euo-

848 698 950 726 catos
965 694 1074 726 exilio
1089 695 1268 726 multanit.
1288 700 1434 728 attamen

848 740 947 770 ualde
972 739 1086 771 dubito
1109 751 1182 770 num
1210 740 1310 771 Felix
1334 740 1436 771 Dalm

850 783 918 823 (die
943 784 1095 824 Koeniye
1120 785 1182 815 der
1208 784 1393 816 Germanen
1412 783 1435 815 1

847 838 882 869 p.
910 829 990 868 160,
1019 827 1055 869 3)
1090 829 1227 860 eundem
1258 839 1330 860 esse
1362 829 1434 869 epi-

848 883 983 913 scopum
1002 874 1096 903 istum
1114 883 1154 904 ac·
1172 877 1319 904 nostrum
1334 882 1433 904 reum

850 920 887 948 et
912 916 1053 947 doctum
1085 922 1176 948 recte
1209 917 1432 956 contenderit,

849 971 919 992 cum
943 962 981 992 id
1004 962 1133 1002 quidem
1156 962 1358 1002 praefracte
1374 970 1432 991 ne-

847 1005 991 1045 gandum
1030 1007 1074 1035 ¹‹n't
1110 1006 1260 1037 uersibus
1299 1006 1364 1036 299
1401 1008 1435 1036 et

849 1051 914 1081 300
947 1059 1011 1081 non
1041 1055 1105 1080 tam
1135 1049 1308 1081 Genserici
1337 1059 1435 1091 quam

849 1093 1018 1125 Hnnerici
1051 1095 1168 1135 patr-ni
1205 1094 1434 1125 Gntlmmundo

848 1148 982 1178 semper·
999 1139 1124 1177 infensi
1139 1139 1256 1169 laudes
1279 1137 1435 1178 proferri

827 1181 1089 1214 'Uictorianus
1115 1182 1164 1213 VI
1191 1185 1253 1213 103

826 1226 955 1258 Uictor
977 1226 1028 1258 VI
1053 1228 1095 1259 82
1122 1226 1280 1258 Uictoris
1307 1225 1435 1258 domus

851 1270 902 1301 VI
928 1272 989 1303 101

826 1315 1034 1357 Uirginitas
1061 1315 1157 1357 fugit
1181 1314 1231 1346 VI
1255 1316 1298 1346 94

826 1359 955 1391 Uitula
990 1370 1117 1400 sponsa
1148 1360 1296 1391 Ioannis
1329 1359 1436 1390 Sardi

849 1403 918 1435 VlI
945 1406 977 1435 in
1006 1405 1226 1445 inscriptione
1250 1405 1269 1435 7
1301 1405 1332 1434 ιἰι
1357 1403 1434 1435 sub·

848 1450 1032 1488 scriptione
1053 1447 1142 1488 Sieifi
1159 1453 1236 1480 orta
1255 1449 1300 1488 cs.
1320 1448 1388 1480 vn
1412 1448 1434 1479 2

850 1497 883 1524 et
907 1494 951 1525 47

825 1537 953 1569 Ulixes
978 1537 1068 1569 VIII
1097 1539 1163 1569 325

827 1581 1016 1614 Uulcanus
1033 1581 1171 1614 Lemno
1192 1584 1385 1623 spernatur
1399 1579 1435 1611 X

849 1627 915 1658 593
951 1626 1106 1658 Uulcani
1139 1630 1290 1657 catenae
1322 1625 1359 1657 11
1388 1625 1432 1657 57

850 1680 950 1701 amor
987 1670 1098 1703 Uenus
1128 1669 1216 1701 VIII
1255 1671 1318 1702 168
1355 1669 1433 1701 eius

848 1718 956 1746 antra
981 1715 1303 1757 Carthaginiensia
1319 1714 1370 1747 VI
1389 1714 1433 1746 96

849 1758 1055 1791 Uulcanius
1078 1759 1175 1791 ensis
1201 1759 1253 1790 IX
1280 1760 1342 1791 185

826 1847 997 1880 Xanthus
1021 1848 1151 1880 flumen
1176 1847 1263 1879 VIII
1290 1849 1331 1879 75
