1635 2522
220 54 223 56 -
280 39 336 81 84
763 39 1080 74 sAT1srA0T10

366 138 561 192 Namque
583 138 855 185 inimicorum
876 139 1011 193 culpis
1031 140 1198 180 ueniale
1219 140 1407 193 minaris,

422 194 710 248 Captiuosque
731 196 828 235 tuos
850 193 1012 235 deliciis
1033 195 1190 248 epulas.

366 249 524 291 Puniat
544 252 592 290 ut
611 249 666 290 sit
686 250 799 303 quod
821 249 1027 303 Christus,
1047 253 1094 291 tu
1114 251 1252 304 parcis
1273 251 1444 305 iniquis,

420 304 601 346 Uindice
623 319 707 358 quo
728 319 898 360 regnas,
921 320 1004 359 quo
1027 306 1234 360 uigilante
1254 307 1388 361 uiges.

281 369 345 401 125
368 361 450 409 Qui
469 363 650 414 pereunt
671 361 781 402 bello
804 361 884 402 soli
903 361 1145 402 moriuntur
1166 364 1214 402 ut
1232 362 1388 412 hostes,

422 415 503 464 Qui
524 419 715 469 superest
734 430 902 471 pugnae
923 417 1044 458 uiuat
1063 419 1112 458 ut
1131 417 1220 471 ipse
1242 417 1374 458 iubes.

365 471 568 525 Captiuus
589 486 759 513 securus
780 472 881 527 agit,
903 472 1101 527 solusque
1122 472 1290 514 rebellis

421 527 641 568 Formidat
660 530 855 580 mortem,
878 529 1034 582 praeda
1055 529 1199 582 quieta
1219 527 1347 569 sedet.

365 583 602 625 Conseruas
623 583 798 637 animas,
820 584 981 625 uictum
1002 599 1128 638 super
1148 584 1238 638 ipse
1258 584 1476 625 ministras

285 648 349 678 130
425 638 491 681 Ne
510 639 565 680 sit
584 639 674 680 uita
694 640 837 693 grauis
858 640 1118 694 subripiente
1137 640 1262 681 fame.

362 694 501 736 Nemo
524 694 643 735 cadet
664 697 741 736 sub
763 695 853 736 iure
873 698 948 737 tuo
970 696 1048 736 sub
1071 699 1205 737 morte
1226 698 1412 749 cruenta,

423 750 513 792 Scit
533 764 576 791 se
598 751 812 791 uicturum
834 751 905 804 qui
926 751 1044 792 uolet
1065 766 1153 792 esse
1173 754 1284 792 tuus.

365 806 508 847 Turba
527 806 810 847 rebellantum
831 807 1027 860 quotiens
1049 808 1188 848 orauit
1207 807 1253 847 in
1274 806 1404 846 armis

423 861 627 903 Uinceret
647 864 720 903 aut
740 864 851 903 certe
872 863 1028 916 praeda
1048 863 1198 904 fuisset
1217 863 1343 903 iners.

282 926 348 958 135
371 917 551 960 Securus
572 917 662 958 sine
682 921 819 959 morte
839 932 990 959 manus
1011 918 1083 959 dat
1101 918 1294 960 hostibus
1315 917 1464 970 hostis,

419 974 532 1015 Nam
552 974 659 1014 bene
682 988 907 1015 conseruas
929 974 1038 1015 colla
1059 975 1233 1015 subacta
1258 974 1373 1027 iugo.

367 1029 435 1071 Sic
456 1030 522 1071 leo
544 1030 732 1070 terribile
753 1030 897 1071 fremit
916 1029 1113 1071 horridus
1135 1044 1206 1071 ore
1227 1031 1403 1070 cruento

422 1085 650 1140 Unguibus
673 1086 856 1127 excussis
878 1086 1002 1127 dente
1022 1085 1212 1127 minante
1233 1099 1371 1138 neces,

366 1142 519 1183 Acrius
540 1141 673 1182 iratus
695 1142 878 1196 crispato
899 1142 1060 1182 lumine
1081 1142 1195 1195 ferri,

283 1205 349 1238 140
424 1197 482 1239 Et
503 1211 622 1238 mora
642 1198 677 1238 si
698 1197 827 1238 fuerit
848 1198 985 1239 acrius
1006 1197 1103 1238 inde
1125 1197 1243 1250 furit,

367 1254 427 1294 At
447 1254 482 1294 si
502 1256 681 1294 uenator
701 1253 919 1307 trepidans
941 1253 1152 1294 uenabula
1178 1254 1308 1306 ponat

424 1309 613 1350 Territus
634 1311 676 1349 et
695 1309 842 1362 iaceat,
863 1324 962 1350 mox
983 1310 1094 1362 perit
1113 1309 1177 1349 ira
1197 1308 1362 1349 cadens.

367 1365 538 1406 Temnit
557 1364 713 1418 praedo
736 1365 853 1405 cibos
875 1379 980 1418 quos
1000 1379 1090 1406 non
1110 1364 1216 1406 facit
1234 1364 1324 1418 ipse
1346 1363 1538 1418 cadauer,

427 1422 491 1462 Ac
512 1421 627 1461 ferus
649 1421 834 1475 ignoscit
855 1435 930 1462 ceu
952 1421 1051 1461 satis
1073 1420 1265 1475 accipiat,

288 1486 351 1516 145
373 1476 430 1518 Et
451 1477 522 1518 dat
541 1479 755 1530 prostrato
776 1477 945 1518 ueniam
968 1477 1058 1517 sine
1080 1477 1255 1517 uulnere
1276 1475 1389 1526 uicto

430 1532 512 1574 Ore
535 1533 774 1574 uerecundo
797 1532 980 1574 deiciens
1002 1532 1160 1574 oculos.

375 1588 446 1630 Sic
465 1592 551 1642 tua,
574 1591 788 1643 regnator,
809 1603 898 1630 non
919 1589 1051 1643 impia
1071 1589 1285 1643 frangitur
1304 1587 1368 1628 ira

432 1645 540 1687 Cum
562 1644 779 1685 confessus
801 1645 881 1685 erit
901 1645 1079 1685 crimina
1099 1648 1219 1698 gesta
1240 1657 1347 1685 reus.

375 1700 640 1756 Ignoscendo
663 1701 757 1754 pius
778 1701 902 1741 nobis
924 1701 1090 1741 imitare
1113 1700 1351 1741 Tonantem

294 1764 357 1796 150
437 1755 518 1805 Qui
539 1756 733 1811 indulget
754 1757 899 1810 culpas
922 1760 963 1798 et
983 1757 1152 1797 ueniam
1174 1755 1336 1797 tribuit.

378 1813 589 1866 Principis
611 1813 780 1867 augusti
801 1813 937 1854 simile
960 1815 1022 1854 est
1044 1813 1096 1853 ad
1116 1826 1249 1867 regna
1268 1810 1466 1866 polorum

379 1940 441 1970 123
467 1936 553 1987 xpr²
603 1940 664 1970 125
691 1939 727 1969 in
753 1939 877 1969 hostes
895 1948 984 1970 corr.
998 1938 1167 1969 Areualns
1238 1939 1300 1970 1⁵28
1326 1936 1438 1978 preda
1509 1937 1575 1970 133

288 1994 426 2027 forauit
451 2005 542 2026 corr.
571 1993 697 2026 Rueck.
723 1994 867 2026 durauit
892 1994 1062 2025 Areualns
1132 1994 1193 2024 141
1227 1993 1277 2024 Ac
1309 1997 1348 2024 at
1378 1993 1578 2034 interpolati
1632 2028 1635 2033 1

261 2062 263 2064 -
289 2045 322 2071 el
348 2041 517 2071 Arenalns
622 2041 685 2071 143
718 2039 829 2081 predo
861 2039 945 2070 idem
977 2049 1093 2069 uersus
1133 2039 1304 2079 reperitur
1330 2037 1418 2070 VIII
1441 2038 1508 2069 360

291 2086 353 2115 146
384 2086 498 2116 malles
527 2084 702 2116 deicienti
734 2086 798 2116 m'si
827 2085 921 2116 elisio
955 2083 1104 2115 obstaret
1135 2084 1323 2115 Dracontio
1356 2093 1420 2115 non
1451 2083 1577 2114 usitata

360 2130 423 2160 149
450 2139 520 2160 non
545 2130 602 2161 uis
628 2129 731 2160 nobis
757 2140 803 2160 ex
834 2130 1047 2169 interpolatis
1079 2129 1224 2160 restitnit
1248 2129 1419 2160 Arenalus
1513 2127 1577 2160 150
1632 2168 1635 2172 1

290 2173 408 2215 culpis
439 2175 636 2215 interpolati
665 2179 697 2205 et
729 2176 897 2206 Aremtha<
1000 2175 1058 2205 151
1091 2173 1275 2215 Principis
1305 2171 1496 2214 imperium
1526 2173 1576 2204 in-

290 2220 452 2260 terpolati
481 2224 513 2250 et
540 2220 708 2251 Areualas
740 2217 744 2261 l
783 2230 826 2251 ac
857 2220 998 2261 scripsit
1023 2219 1202 2250 Areualus.
1243 2219 1307 2250 sed
1335 2217 1383 2249 ad
1413 2218 1513 2250 etiam
1543 2218 1578 2249 in
1633 2248 1635 2252 Α

1612 2448 1635 2522 inag-
1634 2424 1635 2428 „
