1635 2522
1440 8 1446 12 .
1466 0 1546 16 αξτ-

233 143 286 183 14
720 141 1090 175 conrssoussnsm

106 231 217 293 *²3¹3*
315 241 437 290 Quod
459 242 593 283 scelus
614 244 696 295 est,
718 241 916 282 iuuenis?
937 242 1074 282 socios
1095 241 1140 282 in
1160 241 1272 282 bella
1290 243 1420 283 tueris

313 298 371 339 Et
390 302 502 339 ciues
522 298 568 338 in
588 311 689 351 pace
711 311 856 338 necas:
879 296 980 351 quid
1000 297 1090 338 fata
1109 297 1284 338 minaris

232 361 296 393 120
315 354 453 407 Impia
472 353 753 407 supplicibus,
776 353 878 406 quid
897 353 1112 393 funestare
1131 352 1371 407 triumphos

313 409 545 451 Contendis
565 412 664 463 post
683 409 794 449 bella
813 411 910 449 tuos
931 411 973 449 et
992 408 1176 449 luctibus
1196 409 1379 462 imples?

312 464 402 506 Nec
423 464 560 519 pudor
581 468 644 506 est
664 465 847 505 uariasse
868 463 993 505 uiro‘?
1034 464 1083 504 de
1105 464 1196 504 ciue
1215 464 1469 518 trophaeum

311 520 450 562 Nemo
470 521 758 574 triumphator
777 520 920 573 rapuit
939 533 1017 560 nec
1038 520 1083 560 in
1104 519 1254 560 arbore
1275 520 1422 562 cristas

311 576 460 617 Erexit
480 576 722 630 quicunque
743 576 855 616 cruci
877 575 1108 629 suspendit.
1148 575 1289 630 imago

229 640 291 670 125
313 631 468 673 Uesti-a
488 634 616 686 caput
637 632 761 685 ciuis,
782 645 929 672 manes
949 634 1161 673 mereatur
1180 634 1222 672 et
1242 631 1446 673 umbras?

311 687 494 729 Uirtutis
515 690 680 729 uestrae
702 687 963 750 circumdent
982 687 1134 728 funera
1153 690 1304 728 testem

309 743 367 784 Et
386 743 510 785 fortis
531 743 755 785 simulacra
775 743 856 784 uiri
878 743 1001 784 ciuile
1023 743 1203 784 cadauer

309 799 481 841 Polluat
501 814 548 840 ac
569 802 714 863 putres
736 799 955 840 eflundant
976 813 1070 840 ossa
1090 798 1326 840 medullas?

310 854 349 896 U
352 855 497 896 ictoris
517 856 644 910 genio
666 855 783 896 sanie
805 869 900 895 cum
921 856 1018 895 tabe
1039 855 1214 896 litetur?

226 919 291 949 130
311 910 473 958 Quaere
494 911 774 952 sacerdotem:
803 910 949 951 ueniet
968 910 1147 951 crudelis
1167 909 1388 952 Erichtho.

307 965 425 1007 Haec
446 969 509 1008 est
529 969 628 1020 apta
646 968 732 1007 tuis
753 966 945 1007 antistita
967 967 1135 1007 saeuior
1155 967 1250 1017 aris,

309 1021 424 1070 Quae
446 1022 602 1064 calidas
622 1023 761 1076 rapiat
780 1022 906 1063 fibras
927 1022 1142 1076 pulmonis
1163 1021 1330 1075 anheli,

309 1077 488 1119 Sorbeat
508 1081 700 1141 ereptum
720 1078 789 1119 uel
810 1078 1020 1119 morsibus
1041 1078 1116 1118 illa
1136 1078 1322 1119 cruentis

308 1132 389 1175 Uel
410 1134 615 1175 uiuente
604 1149 720 1176 lecur
740 1134 807 1174 uel
828 1148 901 1175 cor
921 1148 1017 1174 cum
1036 1134 1218 1188 palpitat
1237 1134 1368 1175 intret

224 1197 286 1228 135
308 1188 520 1231 Dentibus
547 1191 766 1232 obscaenis
787 1190 935 1245 lingua
955 1190 1168 1230 lambente
1189 1189 1380 1252 palatum

305 1245 514 1287 Prostrati
536 1247 653 1287 ciuis.
693 1246 798 1287 haec
820 1246 906 1286 sint
925 1249 1000 1287 tua
1019 1260 1214 1298 munera,
1236 1245 1403 1287 uictor?

304 1301 458 1343 Hostia
478 1302 575 1343 talis
597 1305 684 1355 eat,
705 1302 804 1343 talis
825 1302 904 1343 tibi
925 1302 1098 1343 uictima
1118 1301 1296 1355 parcat?

307 1356 371 1398 Sit
390 1360 464 1398 tua
484 1358 684 1399 terribilis
705 1357 898 1398 Phalaris
920 1371 995 1398 ceu
1015 1360 1162 1398 taurus
1183 1357 1356 1412 imago?

95 1423 136 1455 [Ρ.
157 1425 200 1455 15]
305 1412 485 1454 Taurica
506 1413 688 1456 crudelis
709 1414 824 1454 mitis
845 1416 988 1454 tamen
1009 1428 1081 1454 ara
1101 1393 1296 1454 Dianaeo

222 1476 285 1507 140
305 1468 396 1510 Nec
416 1468 580 1510 Busiris
602 1472 724 1511 atrox
745 1469 985 1525 Aegyptius
1006 1469 1077 1510 ille
1099 1472 1320 1510 cruentus:

303 1523 428 1566 Solus
450 1525 563 1566 enim
583 1540 659 1580 per
677 1526 838 1579 templa
853 1525 977 1566 deum
999 1525 1090 1566 sine
1106 1528 1242 1566 morte
1263 1525 1493 1580 propinqui

304 1579 430 1622 Sacra
450 1582 715 1644 peregrinus
720 1581 909 1623 funestat
929 1584 971 1622 et
991 1581 1156 1622 aduena
1176 1583 1382 1644 tantum,

300 1636 492 1678 Inlaesus
513 1652 612 1679 nam
635 1638 739 1679 cluis
761 1640 863 1679 erat.
904 1640 973 1691 tu,
995 1637 1153 1691 uictor,
1175 1637 1323 1691 inique

303 1691 529 1734 Sardorum
554 1694 627 1747 qui
648 1707 765 1735 sacra
785 1694 939 1747 probas
961 1696 1003 1734 et
1023 1693 1192 1734 moenia
1212 1692 1357 1734 foedas

219 1756 281 1787 145
304 1748 443 1790 Lauro
466 1749 606 1790 cincta
625 1752 699 1791 tua
719 1750 871 1790 uestris
893 1752 1044 1790 ornata
1065 1749 1246 1790 coronis.

301 1804 447 1845 Insula
468 1805 652 1846 delubris
672 1807 871 1847 natorum
892 1805 1002 1846 colla
1022 1805 1201 1858 secabat,

302 1860 485 1902 Uerticis
506 1861 617 1902 unde
639 1876 802 1903 comam
823 1875 925 1903 uera
945 1861 1104 1915 pietate
1124 1863 1323 1915 parentes

300 1916 468 1958 Inlaesa
489 1918 652 1959 ceruice
671 1920 850 1959 metunt.
889 1917 1102 1972 Carthago
1125 1917 1305 1958 duorum

307 2054 370 2084 124
397 2054 487 2085 ciuis
512 2064 601 2086 corr.
616 2053 909 2095 B11e012..s·eqnitm=
933 2063 1058 2085 manes
1076 2058 1258 2086 mereatur
1284 2056 1321 2084 et
1345 2054 1489 2087 umbras

213 2098 275 2129 sed
297 2103 498 2138 expunctum
593 2099 656 2130 125
686 2100 718 2130 in
750 2100 843 2130 initio
870 2108 986 2130 uersus
1016 2098 1164 2130 uirtutis
1194 2099 1314 2138 quitur
1343 2100 1406 2131 sed
1428 2110 1490 2132 εει·-

211 2147 366 2182 punctum
398 2143 402 2180 Ι
436 2147 562 2175 uestra
592 2154 715 2174 rasura
744 2154 835 2175 corr.
868 2153 884 2174 e
916 2146 1037 2174 uestre
1154 2144 1215 2175 127
1253 2144 1367 2184 portis
1398 2154 1489 2177 corr.

214 2186 338 2219 Bueclz.
420 2189 482 2219 130
508 2189 636 2225 ericto]
663 2191 876 2228 corruptelae
900 2189 996 2228 siquo
1021 2193 1178 2219 nolanam.
1204 2189 1319 2219 eadem
1335 2193 1371 2219 ut
1395 2189 1487 2222 nide-

213 2237 266 2263 την
297 2243 392 2264 manu
425 2234 457 2263 in
487 2236 635 2274 margine
667 2233 872 2273 adscriptum
902 2238 953 2264 est
990 2231 1122 2264 allecto
1240 2234 1300 2264 131
1333 2233 1489 2266 antistis

213 2279 275 2309 137
301 2281 428 2319 pareat
445 2282 639 2319 corruptum
660 2277 811 2317 fortasse
834 2287 940 2309 saera
1019 2278 1081 2309 138
1107 2276 1249 2308 Falaris
1271 2283 1274 2316 g
1296 2283 1491 2310 centaurus

211 2332 302 2356 corr.
324 2322 449 2354 Bueelz.
537 2323 599 2354 142
627 2322 787 2354 funestet
813 2321 957 2355 aduena
1045 2324 1107 2355 143
1133 2332 1214 2354 eras
1239 2332 1330 2354 cor-r.
1359 2322 1490 2359 Buech.
