1635 2522
277 75 304 115 2
838 73 996 105 HYLAs

396 207 450 250 11.
491 208 595 261 Exp.
616 206 824 260 praefatio
843 205 1074 248 trochaicis
1092 205 1287 248 uersibus
1307 205 1433 248 dicta.

772 263 930 317 Incipit
945 263 1059 305 Ylas.

362 367 468 408 Fata
491 381 640 407 canam
660 365 782 419 pueri
801 364 1100 419 Nympharum
1120 379 1242 406 uersa
1263 366 1400 407 calore

359 423 411 464 In
432 422 602 474 melius,
625 421 660 461 si
680 420 803 462 Musa
824 435 991 462 mones:
1024 421 1117 474 quis
1143 434 1262 461 casus
1283 421 1441 462 ademit

362 477 503 519 Alcidi
523 477 740 529 comitem,
763 477 954 517 solamen
976 476 1095 517 dulce
1116 476 1358 518 malorum?

361 533 546 574 Fuderat
565 532 723 573 Idalius
744 532 906 586 gremio
928 546 972 573 se
992 532 1102 573 forte
1123 532 1313 586 parentis

316 597 335 628 5
358 589 564 643 Pinniger
586 591 628 629 et
648 588 805 629 collum
826 588 1027 629 uiolentis
1050 588 1238 629 cinxerat
1259 587 1372 629 ulnis

362 644 516 686 Oscula
535 658 643 698 pura
662 658 830 699 rogans.
875 646 1010 685 mater
1031 644 1184 685 deuota
1205 657 1401 685 coruscos

360 700 562 754 Indulget
582 700 726 740 uultus
747 713 953 753 roseoque
975 702 1039 740 est
1060 714 1155 740 orsa
1174 699 1350 740 labello:

165 775 207 807 [p.
228 777 256 807 2]
362 755 414 797 ‘O
436 755 585 796 mundi
606 755 809 808 domitor,
836 755 940 796 caeli
962 769 1130 809 quoque
1150 755 1321 795 flamma
1339 755 1552 809 tonantis,

361 811 534 853 Numen
554 825 684 865 posco
706 813 827 851 tuum
849 811 967 851 cuius
988 811 1066 852 sub
1087 811 1177 852 iure
1198 825 1360 864 uaporo
1374 844 1384 864 ,

298 876 339 907 10
359 867 441 908 Ρ91·
460 870 535 908 tua
554 867 658 918 tela,
680 881 804 920 puer,
826 866 1020 907 fecundis
1040 867 1165 908 inlita
1184 866 1365 908 flammis

363 922 423 964 Ut
443 922 514 963 des
536 922 732 963 effectum
752 923 865 963 uotis
887 922 937 963 de
959 937 1076 964 more
1096 922 1300 976 parentis.

359 978 434 1020 Nil
454 977 570 1031 1·,11(19
590 980 703 1030 nate,
724 992 875 1031 precor
894 992 972 1019 nec
994 979 1171 1032 supplex
1195 978 1390 1032 improba
1409 991 1552 1032 posco,

362 1033 506 1075 Ardua
526 1048 615 1075 non
635 1034 761 1074 iubeo
784 1034 978 1087 quamuis
1006 1034 1142 1088 magis
1168 1033 1298 1075 ardua
1320 1033 1496 1074 uineas?

359 1090 437 1131 Ille
458 1089 590 1130 refert
611 1089 756 1130 matris
778 1089 1044 1144 disrumpens
1064 1090 1194 1131 uerba
1213 1089 1446 1144 precantis:

295 1153 335 1184 15
359 1144 541 1200 ‘Magna
561 1145 677 1195 iube,
699 1159 787 1186 non
810 1160 910 1186 ausa
929 1147 1067 1199 prius,
1089 1146 1287 1187 sublimia
1307 1144 1463 1186 manda

361 1201 395 1242 O
419 1201 615 1256 genitliX.
655 1215 739 1254 quo
759 1201 845 1242 tela
864 1215 991 1243 uocas
1013 1204 1086 1242 aut
1107 1202 1208 1255 quid
1227 1202 1337 1256 petis
1358 1201 1443 1253 uri,

363 1236 497 1305 Quem
513 1257 658 1297 diuum
676 1257 801 1298 modo
818 1257 928 1298 forte
949 1258 1069 1298 iubes
1084 1258 1361 1299 hominumue
1378 1255 1554 1299 lacessi?

359 1312 582 1366 ΕΧΡ1,11119
614 1313 864 1354 flammetur.
907 1313 1009 1367 quid
1029 1313 1130 1354 fletu
1159 1313 1324 1354 lumina
1342 1311 1536 1367 tinguis?

359 1369 530 1421 Audeo,
553 1346 587 1409 31
611 1369 775 1422 cupias,
796 1369 936 1422 ipsum
957 1369 1173 1410 flammare
1194 1369 1434 1410 Tonantem

294 1433 336 1463 20
358 1424 416 1465 Et
437 1401 656 1465 (1011111111111
679 1425 783 1465 caeli
805 1425 913 1465 facie
934 1426 1090 1466 uestire
1111 1425 1283 1466 iuuenci

361 1479 635 1534 Oblitumque
656 1480 745 1534 poli
766 1495 838 1521 1111·
841 1496 910 1521 3113
930 1481 1094 1536 muoire
1115 1495 1191 1534 per
1209 1481 1363 1522 herbas

361 1535 590 1577 Confessus
610 1550 686 1589 per
706 1539 828 1589 prata
847 1537 1023 1578 bouem:
1055 1538 1177 1578 cadat
1199 1551 1350 1578 aureus
1371 1536 1507 1578 imber

359 1591 545 1633 Diuitias
567 1594 614 1632 ut
634 1594 747 1633 tecta
766 1593 937 1646 pluant,
960 1593 1015 1634 sit
1034 1592 1227 1634 fulminis
1248 1593 1334 1634 ales

359 1647 455 1701 Ipse
477 1648 562 1701 3111,
585 1651 750 1702 satyrus
771 1662 926 1701 cycnus
947 1649 1131 1690 Latonia
1150 1663 1344 1703 serpens:

293 1711 336 1742 25
358 1704 607 1744 Alcmenam
629 1704 820 1758 galeatus
842 1707 973 1757 amet,
995 1719 1196 1746 mucrone
1219 1707 1410 1746 coruscet

358 1759 417 1800 Et
437 1759 571 1813 clipeo
593 1759 796 1800 rutilante
818 1763 938 1801 tonet
959 1760 1059 1801 dum
1079 1761 1200 1802 miles
1222 1761 1388 1802 adulter

360 1814 606 1870 Coniungat
625 1818 771 1857 noctes
793 1817 1008 1857 subtracta
1029 1817 1119 1857 luc-e
1142 1817 1318 1857 dierum.

360 1870 405 1912 Si
425 1870 567 1912 Pallas
587 1872 771 1925 placeat,
793 1875 963 1914 nostros
984 1873 1068 1913 iam
1090 1873 1245 1914 sentiet
1265 1873 1386 1927 ignes

363 1975 401 2006 11
424 1975 457 2005 in
482 1975 702 2014 inscriptione
728 1974 950 2007 throehaicis
1030 1977 1045 2006 1
1074 1976 1191 2007 Facta
1213 1974 1219 2015 Ι
1242 1975 1360 2007 colore
1447 1977 1465 2006 5
1493 1985 1556 2007 uo-

274 2018 384 2050 lentis
415 2029 505 2050 corr.
537 2017 663 2052 Bueclz.
782 2021 822 2050 10
858 2020 943 2051 lanne
978 2031 1106 2051 uersum
1142 2022 1255 2053 eadem
1286 2029 1400 2051 mamm
1440 2021 1555 2051 eodem

274 2069 460 2095 atramento
486 2064 518 2094 z'n
543 2065 691 2105 maraine
722 2065 907 2105 adscripsit
938 2070 970 2096 et
999 2067 1127 2097 lineolis
1151 2076 1221 2096 cum
1246 2070 1342 2096 textu
1368 2065 1553 2096 coniuravit.

275 2110 442 2150 neglectus
467 2113 518 2139 est
543 2109 770 2140 numeratione
796 2120 947 2141 uersuum
972 2111 1148 2151 marginali
1235 2111 1274 2141 17
1301 2109 1482 2141 hominum
1509 2109 1552 2140 de

273 2155 424 2195 seqnitur
440 2155 656 2193 corruptelae
679 2155 804 2194 signum
874 2159 952 2195 post
977 2155 1015 2185 21
1043 2166 1112 2186 cum
1137 2159 1310 2186 structura
1334 2155 1401 2186 leiet
1424 2155 1553 2187 omnino

275 2208 393 2229 uersus
423 2199 566 2238 periisse
597 2199 730 2229 uidetur
822 2200 864 2231 ‘33
896 2200 968 2231 sint
997 2210 1085 2230 corr.
1113 2199 1239 2231 Buech.
1333 2201 1374 2230 :34
1407 2199 1490 2241 Ipse
1516 2199 1554 2230 ui

274 2245 492 2284 corruptelae
523 2243 647 2283 siquam
673 2244 787 2274 versui
816 2245 1056 2285 praepositum.
1105 2255 1195 2276 corr.
1221 2244 1348 2276 Bacch.
