1635 2522
622 120 694 152 vn
717 119 851 153 30—88
1326 118 1379 159 27

188 221 336 276 Iungit
355 219 592 262 amoriferis
612 232 688 272 per
707 217 816 259 festa
835 217 995 271 iugalia
1014 217 1179 271 palmis,

192 274 311 318 Cana
329 276 432 317 fides
451 275 669 330 pietasque
690 273 840 328 iugent
861 276 903 314 et
923 275 1038 314 casta
1057 273 1267 327 uoluptas,

125 339 170 372 60
194 331 377 374 Brachia
396 331 693 385 constringam
713 330 867 370 celeres
888 329 1031 369 uisura
1050 332 1240 382 nepotes,

193 388 396 430 Pronuba
415 387 523 428 Iuno
545 386 665 427 uenit
683 385 865 427 fecunda
885 386 998 426 sorte
1019 385 1223 425 maritans

189 443 402 499 Lanigera
422 443 651 484 comitante
673 441 751 483 dea
770 456 845 496 per
865 443 967 482 uota
987 439 1194 493 Minerua,

193 499 517 553 Concordesque
538 497 663 539 simul
686 498 901 539 celebrent
919 497 991 550 pia
1010 510 1127 537 sacra
1148 496 1326 537 Dionae.

192 555 280 597 Ista
300 558 455 597 canant
474 555 670 607 iuuenes,
691 553 773 595 hoc
794 556 968 595 cantent
988 567 1158 594 carmen
1179 551 1347 593 adultae

128 619 172 651 65
191 611 251 653 Et
269 611 447 665 simplex
468 613 583 651 aetas
604 610 725 663 pueri
746 612 1001 662 teneraeque
1022 609 1200 662 puellae,

191 666 381 709 Cantitet
399 666 481 707 hoc
502 668 728 707 ueteranus
749 680 889 718 amor,
913 665 1146 705 reuerenda
1166 666 1359 705 senectus

193 721 365 765 Cantet:
388 724 553 763 amator
573 722 653 762 erit
673 721 746 775 qui
766 735 855 762 non
877 720 1059 762 cantarit
1080 733 1256 773 amores,

193 777 341 820 Nescit
362 778 474 819 enim
496 777 667 819 senibus
688 777 857 818 ueniam
880 776 1037 817 donare
1059 775 1236 829 Cupido.

196 836 278 876 Ast
298 848 377 889 ego
399 834 471 888 qui
492 848 657 888 nequeo
679 836 827 887 captus
848 847 942 873 mea
962 831 1123 886 plectra
1143 844 1315 872 mouere

14 876 41 932 ἶ.
99 945 104 950 “
127 898 171 930 ’10
191 890 387 932 Carmine
408 889 611 942 sollicito,
634 888 837 930 dederant
857 889 957 943 quia
977 888 1165 929 carmina
1186 886 1338 939 clades,

192 946 251 988 Et
270 946 395 988 modo
417 946 476 987 sic
497 946 660 999 positus
683 944 916 998 Cythereae
937 943 1130 985 cantibus
1151 943 1303 984 absens

196 1001 412 1044 Sollicitus
432 1001 611 1056 pauidus
640 1001 888 1042 temerarius
909 1000 1060 1041 anxius
1090 998 1240 1052 audaX,

195 1057 256 1100 Ut
275 1061 399 1099 uacat
419 1057 620 1112 expositis
640 1060 740 1111 post
758 1056 922 1111 proelia
942 1056 1062 1097 miles
1083 1055 1135 1096 ab
1156 1054 1284 1095 armis

196 1113 373 1156 Saucius
394 1116 521 1168 atque
536 1127 709 1168 gemens
726 1127 810 1167 quo
832 1111 1034 1166 languida
1051 1111 1229 1151 uulnera
1246 1111 1388 1151 curet:

131 1177 174 1209 '15
196 1169 383 1212 Classica
402 1170 436 1210 si
458 1169 608 1210 subitis
629 1169 786 1210 feriant
805 1167 1078 1223 clangoribus
1099 1180 1233 1219 aures,

195 1225 236 1267 It
256 1225 395 1279 dolor,
418 1226 481 1266 ira
501 1225 629 1277 redit,
656 1239 730 1266 ceu
751 1225 836 1265 iam
857 1225 913 1265 sit
932 1224 1061 1278 plaga
1081 1222 1266 1274 cicatrix,

196 1281 404 1323 Redditur
423 1285 465 1323 et
485 1281 646 1322 saniem
667 1281 778 1322 sistit
798 1282 918 1321 furor
939 1294 1056 1321 arma
1076 1291 1314 1332 reposcens⁷

198 1336 269 1379 Fit
289 1337 496 1378 medicina
515 1338 655 1390 furor,
677 1336 798 1378 furor
818 1339 881 1377 est
901 1350 985 1377 uox
1005 1338 1164 1376 tessera
1184 1333 1334 1374 Martis

198 1393 257 1434 Et
277 1393 376 1435 dare
397 1393 480 1434 iam
502 1393 701 1434 membris
723 1392 825 1433 dicit
844 1392 948 1433 tuba
967 1405 1094 1432 rauca
1123 1390 1314 1431 salutem.

135 1458 180 1490 80
199 1450 289 1490 Aut
309 1449 427 1490 uelut
447 1463 542 1490 acer
563 1463 694 1503 equus
716 1448 815 1489 circi
836 1448 937 1502 iuga
957 1447 1066 1488 ferre
1089 1446 1262 1498 dicatus,

199 1505 349 1547 Orbita
369 1504 598 1559 cornipedo
620 1505 811 1558 sequitur
831 1518 955 1558 quem
978 1503 1104 1544 ducta
1121 1501 1281 1554 uolatu,
1406 1515 1445 1548 [p.
1465 1511 1508 1545 29]

199 1560 244 1603 Si
264 1561 399 1602 fretus
419 1561 592 1615 propria
612 1561 785 1602 leuitate
806 1560 966 1600 fauoris
987 1559 1184 1600 alumnus

199 1617 302 1658 Plus
324 1620 393 1658 eat
412 1617 456 1657 in
478 1617 621 1658 frenos
643 1620 685 1657 et
707 1616 898 1657 concitus
919 1629 995 1656 axe
1017 1628 1172 1656 sonoro

201 1673 396 1714 Pulueris
417 1673 462 1713 in
483 1673 639 1714 nubem
660 1672 834 1713 radiatis
855 1671 1029 1713 orbibus
1050 1673 1166 1711 actas

137 1737 180 1769 85
200 1729 396 1783 Accipiat
415 1731 512 1782 post
533 1742 655 1769 crura
675 1731 788 1769 rotas
810 1730 852 1768 et
872 1730 1042 1769 corruat
1062 1727 1182 1779 ictus,

202 1784 303 1826 Mox
325 1785 511 1826 studium
532 1784 647 1826 calor
668 1784 806 1826 omnis
827 1784 917 1824 abit
936 1783 1168 1838 plangente
1190 1780 1336 1822 dolore

200 1840 393 1882 Aduersa
412 1840 642 1894 plaudente
663 1855 791 1881 manu
813 1839 1074 1892 stabulisque
1095 1837 1296 1879 refertur:

201 1895 408 1938 Hinnitus
429 1897 464 1937 si
484 1896 595 1938 forte
617 1899 771 1937 sonent
791 1896 1075 1949 strepitusque
1096 1896 1285 1935 rotarum

208 1989 250 2019 59
276 1988 427 2028 iungent
511 1988 550 2019 61
578 1986 739 2019 secunda
764 1998 853 2018 corr.
875 1987 997 2018 Bueclz.
1090 1987 1132 2017 63
1158 1984 1272 2015 Dione
1355 1983 1398 2015 66

120 2032 282 2065 Cantilet
298 2044 386 2065 corr.
397 2032 521 2064 Bueeh.
592 2033 634 2064 69
653 2042 769 2073 neque
789 2032 857 2063 hoe
876 2036 984 2073 aptus
1001 2029 1225 2062 corr-,Baeton
1247 2029 1252 2068 Ι
1274 2027 1397 2070 plecta

164 2079 205 2110 71
233 2077 407 2119 cytherea
477 2079 518 2109 72
545 2076 690 2108 tabidus
760 2079 801 2109 73
828 2078 874 2108 Et
899 2080 1009 2107 uacat
1086 2076 1128 2106 75
1151 2072 1198 2116 si]
1227 2073 1282 2104 his
1307 2083 1398 2105 corr.

118 2121 246 2154 Buech.
340 2123 380 2154 77
407 2122 559 2154 Reditur
583 2132 671 2154 corr.
699 2120 824 2155 Bueclz.
919 2121 961 2152 78
987 2124 1131 2152 tessara
1220 2120 1262 2150 79
1288 2117 1399 2149 discit

118 2177 210 2200 corr.
235 2165 360 2199 Rueck.
454 2169 496 2200 82
527 2166 720 2198 uoluntate
749 2177 839 2200 corr.
872 2166 998 2197 Bacch.
1099 2165 1142 2196 84
1173 2163 1338 2194 radiatus

117 2212 162 2244 85
193 2221 330 2243 cornua
353 2222 460 2253 supra
488 2212 584 2243 ictus
609 2210 704 2243 uerbi
726 2213 844 2244 literas
869 2211 1063 2244 nonii-simas
1088 2210 1303 2249 corruptelae
1333 2209 1399 2248 81⁶9-

120 2266 210 2296 num,
242 2257 277 2287 in
301 2258 369 2297 fine
400 2267 518 2289 uer-3213
549 2267 581 2299 ¹3³
607 2257 750 2297 positum
781 2262 829 2288 esc
946 2256 989 2287 86
1021 2253 1122 2286 dolor
1147 2253 1262 2284 omnis
1288 2251 1400 2284 habet

118 2310 210 2334 corr.
241 2300 364 2333 Bnecle.
456 2303 497 2335 87
524 2301 686 2334 Aduerso
