1635 2522
624 160 656 195 x
681 161 858 193 366—4‘28
1325 159 1378 201 73

189 260 255 302 Ac
274 260 584 300 nocturnorum
603 257 758 312 triplex
779 257 927 312 regina
950 257 1148 312 polorum

187 316 332 369 Atque
352 315 624 355 tenebrarum
644 313 870 367 splendens
891 316 1071 367 patrona
1092 327 1301 367 mearum,

102 378 169 411 400
186 369 266 412 Cui
287 383 436 411 cancer
456 369 605 411 domus
626 373 683 411 est
703 383 777 410 ora
797 369 1030 410 clarissima
1049 368 1217 422 mundi,

186 425 371 467 Brachia
391 428 678 479 contorquens
699 424 831 466 stellis
854 439 961 479 quae
985 439 1128 466 mense
1149 437 1349 480 peragras

188 480 311 530 Quod
331 481 530 523 Phoebus
551 480 719 522 radians
740 483 831 522 toto
853 481 924 521 uix
946 480 1129 534 explicat
1152 494 1287 533 anno,

187 536 389 591 Corporis
411 539 452 578 et
472 536 688 578 dominam
709 551 836 577 uerax
858 550 984 590 quam
1005 537 1130 577 turba
1150 535 1328 589 fatetur,

188 592 252 634 Tu
272 606 493 633 nemorum
514 594 653 633 custos
674 595 720 632 tu
742 606 855 633 mors
871 592 1050 646 pinnata
1070 592 1278 645 ferarum,

105 655 168 688 405
186 647 322 689 Ursus
344 661 492 689 ceruus
513 661 614 701 aper
633 648 864 701 pantherae
887 647 1055 688 damma
1075 647 1219 688 leones

184 702 310 744 Retia
329 717 423 744 cum
445 703 625 744 ueniunt
646 706 719 744 aut
739 717 834 744 cum
856 703 1068 744 uenabula
1087 703 1259 743 uibrant

184 760 300 800 Ante
320 772 466 800 necem
487 762 562 800 tua
580 758 737 813 praeda
757 759 916 799 iacent:
945 761 987 799 te
1007 758 1158 799 tertius
1179 757 1301 799 heres

187 814 445 869 Participem
466 815 588 869 regni
610 817 850 855 consortem
871 814 975 855 iuris
996 814 1128 855 amari

187 869 365 924 Optauit
385 870 674 924 mundumque
696 870 811 911 dedit
829 870 908 911 tibi
930 869 1041 911 dona
1061 869 1312 923 secundum,

98 933 168 965 410
184 924 271 967 Sub
292 928 366 967 tua
385 926 586 967 terribilis
607 926 831 980 rapiuntur
852 929 1017 979 sceptra
1037 925 1228 979 tyranni,

184 981 318 1023 Diues
338 996 500 1036 pauper
519 982 645 1036 inops
665 985 812 1035 raptor
831 982 969 1035 pirata
989 981 1183 1022 sacerdos

185 1036 434 1079 Aduenient
455 1038 531 1078 sub
553 1037 648 1092 lege
669 1038 781 1092 pari,
802 1051 891 1078 non
913 1039 1024 1078 sorte
1046 1037 1123 1078 sub
1145 1051 1249 1077 una:

187 1092 251 1134 Tu
272 1093 401 1147 punis
422 1096 520 1147 post
539 1093 628 1134 fata
648 1107 742 1135 reos
764 1096 806 1134 et-
832 1093 994 1134 uiscera
1017 1106 1164 1146 saeuo,

184 1147 478 1203 Persephone,
501 1148 574 1190 das
595 1152 741 1190 nostra
762 1151 877 1203 cani,
902 1152 1000 1202 post
1021 1150 1153 1203 regna
1168 1147 1357 1189 barathri

110 1210 164 1243 415
185 1203 301 1252 Quae
322 1204 487 1245 uultum
509 1208 673 1246 mutare
695 1205 804 1246 soles
825 1206 968 1246 uisura
988 1204 1248 1245 Tonantem:

182 1259 250 1301 Da
270 1260 460 1313 ueniam,
483 1260 633 1302 Medea
652 1274 820 1315 precor,
843 1275 938 1301 cum
959 1260 1075 1301 clade
1097 1273 1269 1301 suorum

181 1314 279 1356 Non
305 1315 423 1357 decet
443 1317 506 1357 ira
527 1316 638 1358 deos.
680 1330 846 1358 mereor
874 1330 951 1370 pro
974 1316 1149 1357 crimine
1171 1329 1375 1369 poenam,

185 1370 245 1412 Tc
265 1371 445 1413 feriente
466 1375 628 1426 tamen,
649 1387 738 1414 non
758 1375 806 1413 ut
826 1372 1043 1413 mendicus
1063 1371 1189 1412 Iason

184 1425 250 1469 Sit
270 1427 444 1481 uindex,
466 1428 634 1482 regina,
655 1430 774 1482 tuus,
797 1428 868 1482 qui
890 1427 1080 1469 criminis
1101 1430 1249 1468 auctor

113 1487 169 1519 42«
181 1481 277 1537 Ipse
298 1482 392 1524 fuit.
433 1483 631 1524 miseram
653 1483 766 1525 solus
787 1497 875 1525 non
896 1483 1048 1537 puniat
1068 1497 1141 1524 oro

182 1537 263 1586 Qui
284 1553 449 1580 mecum
470 1539 685 1581 feriendus
707 1542 809 1581 erat.
853 1540 1102 1592 cuicumque
1124 1538 1288 1579 iubebis

181 1592 302 1635 Colla
323 1609 425 1648 paro
447 1595 592 1636 feriat:
623 1598 790 1637 tantum
811 1610 865 1636 ne
886 1596 1009 1650 uirgo
1035 1594 1230 1637 Creontis
1391 1600 1432 1632 [1³-
1454 1599 1500 1632 91}

186 1649 419 1691 Discidium
440 1651 579 1704 pariat
598 1654 772 1692 nautam
794 1651 971 1693 ductura
991 1651 1202 1691 maritum.

196 1704 346 1746 Exaudi
366 1705 590 1757 famulam,
615 1706 736 1748 dolor
758 1710 839 1761 est,
861 1721 949 1748 non
971 1706 1084 1747 zelus
1105 1706 1244 1747 Iason.

118 1765 187 1797 425
206 1761 378 1815 *uinque
414 1761 522 1804 dabo
560 1762 734 1804 inferias
762 1788 816 1792 —
846 1766 911 1804 sat
939 1765 1064 1804 erunt
1093 1776 1171 1816 pro
1196 1762 1372 1803 crimine

1036 1820 1184 1859 nostro
1206 1843 1260 1848 -—

205 1867 384 1914 Ilustres
406 1873 587 1926 animas,
608 1875 779 1915 niueam
801 1888 896 1915 cum
916 1873 1067 1915 Iasone
1090 1873 1299 1927 Glaucen,

207 1922 391 1969 Mrtibus
412 1929 633 1970 amborum
654 1943 799 1985 regem
819 1943 946 1983 super
965 1929 1072 1970 addo
1096 1928 1280 1970 Creonta

209 1978 381 2025 Exnatos
402 1984 639 2026 miseranda
662 1985 787 2039 duos,
808 1999 902 2026 mea
922 1985 1122 2040 pignora,
1145 1985 1322 2039 supplex

215 2150 409 2185 400d0mus
447 2164 509 2186 ora
542 2155 625 2194 sore.
662 2155 754 2187 aliud
789 2155 945 2197 quiddam
981 2157 1013 2185 in
1050 2164 1113 2186 ora
1148 2152 1250 2186 uerbo
1290 2156 1373 2186 latet

125 2194 191 2227 401
229 2196 346 2239 steisq
378 2207 498 2230 mense
614 2201 679 2232 405
716 2203 870 2241 pantere
985 2200 1050 2231 413
1085 2199 1129 2239 cf.
1160 2199 1288 2231 Lucan.
1318 2199 1374 2230 VI

127 2239 203 2270 699-
236 2239 295 2269 706
363 2244 429 2275 414
460 2243 601 2276 baratri
692 2245 758 2276 418
787 2243 972 2276 mendicus
1004 2245 1065 2276 uix
1094 2254 1219 2276 sanum.
1274 2254 1371 2275 men-

127 2283 241 2315 titus?
299 2287 364 2319 423
394 2291 500 2329 parat
591 2290 657 2321 425
689 2288 800 2322 dabos
831 2288 922 2321 dabo
948 2301 968 2331 γ
990 2287 996 2329 Ι
1018 2289 1112 2321 erint
1203 2292 1269 2323 426
1294 2289 1371 2320 ani-

127 2337 208 2360 mae
230 2325 235 2368 Ι
257 2325 392 2363 ῦΙιεεω
