1635 2522
588 86 678 119 v111
700 87 879 120 235-299
1318 87 1375 128 39

181 185 311 228 Iussit
331 185 384 226 ab
403 184 535 226 Iliaco
556 183 740 226 delectos
760 197 937 240 pergere
957 198 1092 239 regno
1386 199 1427 229 [ιι.
1446 199 1491 231 48]

181 240 251 282 Ad
270 243 344 282 tua
365 253 516 296 regna,
537 242 690 294 potens
710 254 957 303 germanam
977 241 1089 296 regis
1110 243 1158 282 ut
1177 241 1302 283 110105

182 295 403 338 Bellorum
424 310 549 349 quam
570 297 661 337 iure
681 296 832 337 tenes'
821 311 865 337 1n
886 309 989 350 pace
1010 295 1232 338 refundas:

99 361 166 393 270
179 351 374 394 Posceris
394 351 626 393 Hesionen.
670 352 778 393 iacet
798 352 951 406 ingens
972 351 1100 393 Troia
1120 352 1280 394 fauillis

22 414 51 529 ξ
180 407 349 450 Excidii
370 421 611 462 compressa
631 408 715 461 sui,
737 421 815 449 nec
835 407 1044 463 Pergama
1064 407 1214 450 ductor

183 463 421 506 Surrexisse
441 466 565 527 putat
584 464 668 504 nisi
688 463 793 517 iam,
822 478 895 504 rex
917 478 1091 518 magne,
1113 478 1301 506 sororem

183 519 429 561 Reddideris
450 520 541 574 regi
562 533 670 573 quae
692 533 804 561 nunc
825 498 1014 573 captiua&
1015 523 1196 562 tenetur.

183 575 324 630 Turpe
345 575 461 616 ducis
483 575 641 616 seruire
662 589 797 629 genus
818 576 1006 630 crimenq
1010 590 1061 616 ue
1082 579 1258 629 putatur

99 639 165 671 275
183 630 228 673 Si
247 645 337 672 non
357 630 469 672 bella
490 609 687 671 dabunto
670 631 762 685 regi
783 630 897 685 quod
918 631 1029 672 bella
1048 631 1241 674 tulerunt

182 685 228 728 Si
248 700 330 741 pax
350 685 432 728 hoc
454 689 600 740 optata
619 689 760 741 negat.
804 701 880 740 pro
901 700 999 741 rege
1020 688 1204 741 rogaris:

22 755 38 790 ζ
180 741 241 784 Το
262 742 464 796 repetisse
485 745 587 796 puta
608 741 778 783 Priamo
803 742 1013 783 retinente
1034 757 1242 797 sororem,

180 797 283 840 Non
304 797 426 839 dolor
445 801 628 839 armaret
649 798 683 839 si
704 812 793 839 non
815 798 933 839 daret
952 798 1024 839 ille
1045 802 1220 853 rogatus

22 856 36 899 ὲ
183 853 305 903 Quod
320 856 497 908 peteres,
515 853 717 895 Telamon
728 854 749 894 ἱ)
771 854 908 895 scelus
922 858 986 895 est
1001 857 1043 895 et
1059 854 1174 895 fama
1187 855 1374 909 pudoris,

30 924 34 927 ·
96 918 164 950 280
177 909 380 952 Nascitur
399 909 562 951 inuidia
582 909 753 951 Priamo
775 913 982 965 regnante
1003 924 1192 952 sororem

182 965 437 1021 Graiugenis
458 966 617 1007 seruire
638 980 778 1018 suam,
799 966 911 1007 liuor
930 966 1066 1007 malus
1088 965 1186 1008 inde

182 1021 399 1064 Creditur:
433 1021 605 1063 ‘Iliacas
626 1022 768 1075 potuit
787 1035 983 1075 reparare
1004 1022 1172 1063 ruinas’

181 1077 375 1118 Murmur
384 1078 464 1119 erit
472 1077 725 1132 Phrygibus,
744 1080 998 1119 ‘consortem
1011 1078 1232 1133 sanguinis
1247 1093 1376 1120 unam

179 1133 282 1175 Non
303 1134 462 1175 ualuit’
485 1134 626 1174 dicent
648 1136 811 1175 ‘rector
831 1133 881 1174 de
903 1147 1001 1189 rege
1023 1134 1213 1175 mereri'.

96 1197 163 1229 285
182 1189 372 1231 Dixerat.
414 1192 458 1231 at
478 1189 683 1230 Telamon
704 1192 866 1231 mentes
888 1190 1080 1231 armabat
1099 1190 1145 1231 in
1165 1190 1268 1244 iras,

180 1245 292 1287 Nam
314 1246 449 1300 pietas
471 1245 644 1286 affectus
665 1259 785 1287 amor
807 1246 1031 1287 concordia
1050 1246 1192 1300 proles

183 1301 434 1343 Accendunt
453 1303 594 1342 motus
615 1301 661 1342 in
681 1304 851 1355 pectore
873 1301 985 1342 fellis
1007 1302 1152 1343 amari.

183 1357 424 1399 Conubium
446 1357 588 1412 regni,
610 1357 788 1398 thalami
809 1358 1023 1399 consortia
1045 1358 1148 1399 casti

182 1412 381 1455 Scindere
402 1413 655 1467 poscebant,
678 1415 719 1454 et
739 1413 852 1467 quod
873 1428 992 1454 mens
1012 1413 1132 1454 nulla
1151 1413 1338 1467 tulisset,

96 1478 164 1509 290
180 1469 324 1511 Aiacis
344 1469 451 1510 haec
471 1471 606 1510 mater
627 1472 728 1510 erat.
770 1469 828 1510 sic
850 1469 1002 1523 incipit
1023 1483 1094 1510 ore

181 1525 393 1566 Turbidus
414 1524 618 1566 Aeacides
644 1525 754 1566 iusta
775 1539 1000 1566 succensus
1022 1525 1067 1566 in
1088 1525 1169 1566 ira:
1389 1547 1430 1578 sp,
1447 1546 1494 1579 4⁹1

182 1584 195 1602 ‘
208 1579 252 1623 Si
273 1580 411 1635 pudor
430 1580 570 1622 Iliacis
592 1583 666 1622 aut
685 1581 899 1622 mentibus
921 1584 1031 1622 esset
1049 1580 1270 1636 honestas,

180 1636 406 1678 Excidium
426 1636 578 1678 Troiae
599 1637 634 1678 si
655 1639 828 1690 pectora
848 1637 960 1678 uicta
981 1637 1192 1689 dolerent,

183 1692 417 1734 Herculeos
438 1693 613 1734 comites
633 1691 792 1734 Priami
815 1706 919 1748 gens
939 1692 1096 1747 praeda
1115 1670 1343 1747 Peiasgum

97 1757 164 1789 295
181 1748 283 1790 Non
302 1749 438 1804 magis
460 1748 695 1790 auderent
684 1763 729 1789 1n
750 1749 861 1790 bella
880 1749 1084 1790 lacessere
1106 1727 1267 1790 Graios

185 1803 426 1846 semideum
448 1807 544 1859 post
563 1805 675 1846 bella
696 1804 871 1858 ducum,
894 1805 1047 1868 quibus
1068 1804 1202 1846 11105
1191 1819 1344 1860 mgens

182 1859 311 1902 Uicta
330 1861 450 1902 iacet.
491 1861 705 1914 placuitne
725 1860 910 1916 Phrygis
929 1861 1115 1915 periuria
1135 1861 1276 1915 gentis

184 1915 358 1958 Soluere
378 1930 456 1958 uos
477 1917 651 1971 iterum,
673 1916 709 1957 si
730 1916 887 1958 dudum
909 1931 1042 1971 parua
1061 1917 1201 1957 luistis

183 1972 430 2027 Supplicia?
460 1971 631 2014 Priamo
653 1972 784 2014 Troes
805 1987 899 2014 mea
920 1972 1032 2014 dicta
1052 1972 1226 2014 referte:

187 2086 253 2118 270
283 2086 456 2119 Posteris.
504 2085 609 2126 Quod
642 2091 744 2128 potes
776 2086 845 2118 [M
865 2085 870 2126 Ι
892 2086 1091 2118 Hesioncm
1184 2087 1250 2117 272
1281 2084 1315 2117 1εἶ
1346 2087 1380 2117 in

97 2141 222 2163 rasura
314 2133 380 2164 276
405 2141 470 2173 por
493 2141 578 2172 rege
604 2141 693 2164 corr.
720 2131 791 2163 JM
873 2132 938 2164 278
963 2130 1019 2162 ini
1043 2141 1133 2164 corr.
1160 2130 1233 2162 [Μ
1314 2131 1378 2163 279

97 2175 234 2218 peteris
326 2177 391 2208 284
417 2176 542 2208 meieri
622 2177 686 2209 287
712 2175 903 2208 Accedunt
927 2187 1017 2208 corr.
1044 2175 1116 2207 JM
1194 2176 1260 2208 298
1284 2174 1379 2207 Cou-

98 2220 259 2258 nubium,
369 2222 435 2254 290
470 2221 627 2263 incipiat
656 2231 747 2254 corr.
781 2221 850 2252 [Μ
962 2222 1025 2253 291
1053 2219 1197 2253 eacides
1312 2221 1378 2252 293

97 2265 197 2298 iucta
223 2264 392 2298 dolerent
416 2276 506 2298 corr.
532 2266 553 2297 I
562 2266 602 2298 M
