1635 2522
284 98 364 139 112

283 208 366 241 que
392 197 583 242 particula
607 197 747 231 duobus
771 197 892 231 uerbis

300 245 536 288 postponitur
566 242 683 277 frater
707 242 890 286 uitietque

306 291 340 324 II
374 295 417 325 39
448 290 631 324 mirantur
659 289 830 333 Ylanque
857 290 891 323 ΙΙ

309 341 375 372 100
416 337 502 370 *me
532 347 671 380 proque
696 335 748 369 IV
777 340 818 370 15
852 335 891 369 in

306 382 475 417 manibus
495 383 571 416 iam
590 383 680 416 Iuno
700 382 790 416 meis
807 394 891 426 sup-

307 430 393 474 plex
403 440 485 473 que
510 429 674 463 locatum
699 428 732 462 X
760 433 825 462 135

283 498 473 531 quercus
509 487 648 520 seruati
671 487 764 520 ciuis
782 498 890 530 prae-

306 535 418 568 mium
443 533 476 566 V
502 537 545 567 32
573 534 618 575 cf.
644 532 678 566 V
704 537 772 567 319

286 580 391 624 quia
423 581 627 614 accusatiui
658 591 738 613 cum
769 580 892 622 infini-

308 628 385 660 tiuo
399 627 560 670 copulati
579 627 653 660 loco
667 627 759 668 Afer
765 627 893 670 posuit

307 673 358 707 IV
387 677 429 707 10
460 672 530 707 VII
557 677 600 707 10
629 677 670 707 16
696 672 747 706 ΙΧ
769 677 833 707 111
859 672 893 706 X

308 724 375 754 346
403 724 471 754 350
498 720 542 762 Cf.
573 719 684 754 orest.
711 723 778 754 672
807 723 873 754 759

284 777 399 822 quod
431 779 636 812 mensatim·
660 789 740 812 cum
766 778 892 820 infini-

310 826 387 858 tiuo
427 825 588 868 copulati
626 825 700 859 Ioco
731 825 892 868 positum

308 883 388 905 cum
408 872 641 905 com‘unctiuo
659 872 828 914 imzqitm·
841 871 892 905 IX

310 922 355 952 88
381 917 414 950 X
434 922 502 952 286
529 922 595 951 353
617 922 684 952 368
711 918 755 960 cf.
779 918 890 951 Orest.

310 968 376 999 128
401 968 469 998 274
489 975 568 998 cum
587 965 791 999 indicatiuo
812 964 890 998 Sat.

310 1015 353 1046 18
381 1015 448 1045 215
475 1015 541 1045 216

284 1068 354 1092 nec
403 1057 496 1091 mihi
547 1057 739 1091 dissimilis
783 1069 894 1101 quam

310 1104 427 1148 quod
471 1105 565 1139 solet
610 1115 691 1139 esse
735 1104 894 1139 cateruis

309 1152 386 1185 Sat.
417 1156 480 1185 111

287 1199 426 1241 quota
461 1198 584 1242 portio
622 1198 740 1242 patris
776 1198 894 1232 omnis

310 1246 457 1279 constat
471 1245 582 1279 homo
599 1244 684 1279 VIII
699 1245 772 1288 9ef.
788 1246 821 1279 d.
831 1245 895 1279 deo

310 1291 362 1325 III
388 1295 455 1325 543

286 1395 495 1430 radiatus
517 1407 640 1430 amore
654 1396 724 1430 VII
740 1400 781 1430 17
802 1396 896 1430 *ra-

312 1443 454 1477 diatis
486 1443 636 1477 orbibus
667 1444 770 1478 actas
802 1442 897 1477 aeci-

310 1489 393 1534 piat
410 1491 497 1534 post
520 1501 625 1524 crura
643 1491 744 1525 rotas
764 1489 833 1524 VII
852 1494 898 1524 84

286 1559 354 1592 per
374 1548 559 1583 aetherias
575 1548 701 1592 aquila
713 1548 896 1583 uolitante

312 1595 495 1640 rapinas
511 1596 587 1630 Sat.
604 1600 670 1630 267
683 1595 897 1639 adloquitur

312 1641 555 1676 comitantem
601 1643 740 1686 praedo
778 1642 897 1687 rapi-

311 1700 410 1723 nam
436 1689 613 1723 Helenam
638 1689 725 1723 VIII
752 1693 819 1723 544

289 1735 334 1770 de
388 1735 469 1770 ciue
518 1736 740 1780 trophaeum
789 1747 897 1770 nemo

311 1782 564 1827 triumphator
588 1782 744 1827 iapuit
770 1782 802 1815 V
832 1787 895 1816 123

313 1829 501 1874 rapiunt
540 1829 759 1874 praecordia
796 1829 898 1863 flam-

314 1887 393 1910 mas
420 1875 452 1909 X
479 1880 545 1910 222

290 1923 459 1958 confessa
484 1925 659 1957 reatum
684 1923 717 1956 X
737 1927 805 1957 394
831 1935 899 1958 re-

315 1971 415 2004 atus
436 1969 513 2004 Sat.
537 1975 581 2004 53
608 1972 714 2005 atrox
733 1970 809 2005 Sat.
834 1974 898 2005 198

314 2018 487 2051 reatum
519 2018 587 2051 Sat
612 2022 678 2052 307
713 2017 757 2060 cf.
788 2018 898 2051 Orest.

315 2068 359 2098 66
385 2068 454 2098 930

291 2111 491 2145 recurrit
523 2111 689 2145 adcurrit
719 2111 805 2145 VHI
836 2115 899 2145 109

315 2158 360 2200 cf.
387 2159 420 2191 d.
448 2159 511 2191 deo
537 2158 552 2191 1
579 2162 646 2192 599

293 2204 403 2238 laude
430 2204 690 2249 redemptus
716 2205 785 2239 VII
811 2209 832 2239 4

290 2263 308 2284 r
318 2262 336 2285 e
345 2251 368 2284 d
376 2263 400 2285 u
408 2262 426 2285 c
435 2262 454 2285 e
462 2264 478 2285 s
493 2263 634 2286 morsus
649 2253 814 2296 repetitos
823 2254 899 2286 δαΐ.

316 2302 384 2332 274

479 97 721 131 SERMONIS
746 96 1081 130 DRACONTIANI
1106 96 1362 134 SPECIMEN.

959 196 1174 231 refundas
1211 196 1342 230 reddas
1376 195 1462 229 VIII
1496 199 1563 230 269

982 242 1170 277 refunde
1196 242 1355 276 cadauer
1379 241 1430 275 IX
1458 245 1523 276 148

959 289 1061 324 fama
1086 288 1280 323 relatrix
1305 288 1356 323 IX
1384 292 1425 322 17

959 337 1168 370 renarrat
1192 335 1391 379 respondet
1414 335 1448 369 Π
1473 339 1518 369 45

959 393 1026 417 uos
1070 382 1286 426 repetunt
1325 383 1463 416 mortes
1494 391 1566 425 pro

983 430 1141 472 simplici
1164 428 1252 461 VIII
1279 432 1344 462 156

959 475 1139 555 requihes
1163 475 1299 509 mortui
1322 473 1374 554 {1311
1399 478 1466 509 226
1534 520 1542 527 ·

960 533 1056 556 nunc
1109 533 1176 556 ane
1202 533 1298 556 nunc
1369 532 1431 555 am
1454 531 1567 555 resl-

985 568 1061 603 det
1081 569 1207 612 (Amor
1227 567 1432 611 columbas)
1450 567 1485 601 X
1500 571 1566 602 166

986 615 1201 650 anhelantes
1244 614 1450 649 residens
1494 613 1568 657 (Li-

984 663 1063 706 ber)
1077 664 1162 706 post
1175 662 1318 706 proelia
1330 661 1445 706 tigres
1455 661 1488 694 X
1499 664 1568 695 273

963 709 1105 743 cunctis
1142 709 1344 753 respirat
1377 707 1500 742 hiatus
1534 707 1570 741 H

988 760 1053 790 113
1081 755 1199 799 spirat
1222 755 1366 821 hiatus³³<
1370 754 1404 788 X
1429 758 1496 789 233

960 802 1074 837 tertia
1101 803 1202 836 bella
1229 813 1318 847 gero
1346 801 1468 844 *quae
1488 811 1569 835 cae

986 849 1049 883 des
1070 860 1182 893 passa
1201 861 1218 882 ι·
1227 861 1245 883 e
1256 849 1446 892 surgunt
1459 846 1511 881 IV
1525 850 1569 881 32

961 895 1160 930 retinere
1175 906 1246 940 pro
1266 895 1424 938 semplici
1436 893 1488 928 IX
1503 897 1570 928 140
1620 935 1635 950 ς

984 942 1061 977 Sat.
1090 947 1132 977 77

962 1000 1177 1024 reuocare
1204 991 1356 1033 repetere
1380 987 1414 1022 V
1434 991 1501 1022 272
1522 987 1570 1022 al.

962 1037 1112 1071 rostra
1132 1035 1165 1069 V
1186 1040 1229 1069 41
1257 1035 1422 1069 rostris
1447 1034 1480 1067 V
1502 1038 1570 1069 266

963 1083 1002 1116 in
1047 1082 1234 1117 exhaustis
1257 1102 1269 1107 -
1290 1081 1434 1116 ruinis
1480 1080 1572 1115 strix

989 1131 1167 1164 nocturna
1194 1130 1302 1164 sonat
1326 1128 1360 1162 X
1385 1132 1452 1163 305

964 1175 1127 1211 classica
1152 1177 1365 1220 rumpunt
1389 1175 1423 1209 V
1446 1178 1486 1209 17
1514 1185 1571 1208 su-

989 1222 1103 1267 spiria
1152 1223 1364 1267 rumpunt
1419 1221 1451 1254 X
1502 1223 1571 1255 223

988 1271 1178 1314 rumperet
1199 1280 1281 1303 cum
1301 1268 1431 1302 messis
1451 1267 1572 1302 aristis

987 1316 1021 1349 X
1048 1320 1114 1350 579

967 1410 1004 1443 et
1029 1408 1089 1442 hic
1117 1408 1307 1443 sceleris
1329 1409 1450 1443 certus
1469 1407 1573 1442 adul-

989 1459 1046 1490 ter
1071 1455 1168 1490 inest
1194 1456 1271 1489 Sat.
1301 1459 1366 1490 158

969 1502 1117 1546 sapiens
1138 1502 1448 1537 sehelasticus
1461 1503 1574 1545 atque

988 1549 1131 1594 peritus
1157 1548 1208 1582 VI
1234 1553 1274 1583 41
1391 1562 1393 1564 ·

966 1596 1208 1641 ignotumque
1246 1595 1339 1630 mihi
1375 1595 1575 1630 scribere

989 1643 1083 1677 *nec
1109 1643 1299 1678 dominum
1327 1643 1402 1677 Sat.
1429 1645 1474 1676 94

967 1690 1043 1724 sed
1062 1691 1104 1724 m·
1122 1701 1191 1723 sua
1210 1691 1358 1724 exui-mv
1377 1688 1410 1722 X
1424 1693 1490 1723 341
1506 1691 1574 1723 432

965 1736 1104 1781 praeda
1124 1736 1251 1780 quieta
1271 1736 1400 1771 sedet
1414 1736 1491 1770 Sat.
1508 1739 1574 1770 128

991 1794 1114 1818 arcem
1150 1783 1189 1816 in
1227 1795 1299 1826 qua
1334 1782 1478 1827 templa
1510 1793 1575 1817 se-

991 1830 1099 1864 dent
1123 1829 1156 1863 V
1186 1834 1249 1864 161

967 1876 1209 1921 *segnibus
1237 1878 1275 1911 et
1299 1876 1423 1921 pueris
1455 1875 1506 1910 IX
1534 1879 1576 1910 17

969 1924 1132 1958 semita
1158 1924 1221 1957 αι’(ι
1248 1923 1333 1957 Vm
1360 1927 1404 1957 59

969 1970 1096 2014 (Mars)
1121 1973 1207 2015 post
1231 1970 1311 2005 fata
1330 1970 1418 2005 deos
1436 1969 1578 2004 faceret

993 2029 1103 2062 super
1117 2019 1217 2052 astra
1232 2020 1435 2052 senatum
1448 2015 1517 2050 VH
1531 2019 1578 2050 24

969 2076 1043 2100 seu
1070 2069 1102 2099 et
1127 2067 1204 2098 δαΐ.
1232 2070 1252 2099 5

969 2112 1186 2156 perquirens
1220 2111 1257 2146 si
1291 2111 1403 2146 Troia
1434 2111 1508 2146 ruit
1541 2109 1579 2145 si

994 2170 1020 2193 e.
1032 2173 1062 2202 q.
1074 2170 1100 2193 s.
1117 2158 1166 2192 IX
1178 2162 1245 2193 203
1261 2159 1418 2193 classem
1433 2158 1471 2192 si
1484 2169 1578 2193 mer-

994 2206 1085 2240 serit
1113 2205 1212 2240 unda
1234 2205 1378 2240 nescius
1401 2204 1487 2240 VIII
1510 2207 1578 2240 593

995 2253 1033 2287 si
1059 2254 1124 2287 etsi
1151 2251 1181 2286 V
1208 2256 1272 2287 2⁹1
1303 2254 1380 2287 Sat.
1408 2256 1475 2287 ‘283

971 2299 1256 2334 siccantibus
1294 2298 1401 2334 undis
1436 2299 1578 2334 intran-
