1635 2522
275 57 332 101 82
761 56 1076 89 SATISFACTIO

295 166 338 197 60
414 156 603 197 Humida
623 169 718 196 cum
739 155 860 195 siccis
880 155 1009 209 ignea
1029 168 1125 196 cum
1145 155 1309 210 gelidis.

360 212 524 253 Littera
544 210 817 264 doctiloquax
837 210 989 264 apibus
1012 214 1197 264 cognata
1215 210 1411 264 refertur,

418 266 521 315 Quis
542 266 666 307 datur
687 268 736 306 ut
753 266 941 307 habeant
964 266 1141 307 uulnera
1162 269 1298 307 castra
1317 265 1459 308 fauos:

361 322 468 365 Cera
488 322 560 363 dat
580 322 801 376 ingenium
822 321 977 375 pueris,
999 321 1232 375 primordia
1252 335 1412 376 sensus,

413 378 517 419 Inde
538 378 587 418 fit
606 380 654 418 ut
672 377 810 431 prosit
828 377 971 418 littera
992 377 1061 418 uel
1081 380 1244 418 noceat.

294 443 336 474 65
357 434 486 487 Aspis
506 433 637 474 habet
656 435 813 474 mortes
833 432 963 473 habet
983 435 1025 474 et
1045 433 1325 474 medicamina
1345 447 1530 488 serpens,

413 489 575 543 Uipera
596 503 720 542 saepe
741 488 873 542 iuuat,
894 488 1041 543 uipera
1061 503 1184 542 saepe
1204 491 1344 530 nocet.

359 545 497 587 Cerua
518 544 723 585 salutares
743 546 865 597 pasto
888 547 1082 598 serpente
1104 544 1306 586 medellas

416 600 600 642 Conficit
621 603 663 641 et
682 600 849 654 pellunt
868 600 961 654 ipsa
980 615 1147 641 uenena
1166 614 1303 641 neces.

359 655 559 698 Materies
578 655 682 696 ferri
703 655 883 709 simplex
905 659 947 697 et
966 657 1095 697 noxia
1114 656 1261 708 fertur,

294 721 337 752 70
414 712 576 766 Impius
597 711 695 752 inde
716 714 856 764 nocet7
877 712 1059 753 rusticus
1080 711 1177 752 inde
1199 712 1350 765 placet.

357 768 457 822 Ipsa
476 767 590 821 parit
610 781 799 822 gemmas
819 768 1028 820 pretiosos
1050 770 1163 808 terra
1182 767 1366 821 lapillos,

415 824 514 877 Ipsa
535 823 607 863 dat
627 826 670 864 et
690 837 840 876 uepres
861 823 1009 876 spinea
1028 823 1146 878 ligna
1167 837 1295 864 rosas.

357 879 542 920 Delicias
563 881 806 932 mortesque
826 881 950 932 parat
969 893 1083 920 mare
1104 879 1303 919 fiuctibus
1324 878 1470 932 altum,

413 934 471 976 Et
492 937 668 989 generat
688 935 830 997 pelagi
852 935 1062 976 conchula
1083 935 1264 975 diuitias.

292 999 333 1030 75
355 992 469 1032 Aera
488 991 714 1044 temperies
735 1005 849 1031 aurls
869 991 1071 1032 uitalibus
1092 993 1212 1044 aptat

415 1045 531 1095 Quae
554 1049 754 1100 corrupta
775 1046 863 1087 dies
885 1047 1012 1101 eripit
1032 1049 1158 1100 atque
1180 1046 1355 1086 animas.

358 1104 525 1156 Aspera
545 1103 613 1143 uel
634 1102 772 1143 facilis
792 1102 949 1144 retinet
967 1105 1121 1143 natura
1141 1102 1356 1143 uolucres:

412 1157 580 1199 Blanda
600 1158 797 1199 columba
819 1159 910 1199 auis
932 1161 1007 1211 est,
1029 1172 1178 1212 aspera
1198 1157 1343 1198 uultur
1365 1157 1467 1198 auis.

354 1214 552 1255 Nubibus
574 1214 760 1276 aggestis
781 1214 951 1268 pluuiae
972 1214 1047 1255 nix
1067 1213 1229 1268 grando
1251 1213 1428 1267 pruinae

290 1277 334 1309 80
413 1270 674 1324 Gigmnuntur
693 1269 889 1311 uicibus
878 1283 978 1332 igne
994 1284 1151 1323 uapore
1173 1269 1284 1324 gelu.

357 1324 430 1367 Sol
455 1326 526 1366 dat
546 1325 786 1379 temperies,
808 1326 967 1379 species
989 1325 1230 1380 gratissima
1250 1324 1412 1378 mundi,

416 1380 580 1423 Cuncta
602 1381 783 1422 creanda
802 1395 957 1435 parans
980 1384 1132 1422 cuncta
1152 1384 1291 1422 creata
1311 1380 1474 1443 fouens,

355 1437 437 1478 Per
459 1451 584 1491 quem
603 1437 713 1478 fetat
731 1437 886 1478 humus
907 1438 1031 1479 flores
1053 1440 1096 1478 et
1116 1437 1264 1478 messis
1285 1436 1453 1478 aristas:

415 1491 512 1534 Sole
533 1495 731 1547 perustus
753 1506 854 1548 ager
874 1494 1010 1547 putris
1031 1493 1192 1534 harena
1211 1493 1331 1534 iacet.

287 1557 331 1589 85
355 1548 546 1603 Corpora
566 1549 630 1591 sol
650 1549 787 1590 reficit
806 1549 936 1591 radiis
957 1553 1000 1591 et
1020 1563 1198 1603 corpora
1217 1552 1359 1602 uexat,

412 1603 583 1646 Solibus
604 1605 779 1646 alternis
799 1606 916 1660 itque
938 1605 1131 1659 reditque
1157 1605 1282 1646 salus.

354 1659 510 1702 Omnia
530 1675 608 1702 nec
628 1661 740 1702 mala
762 1665 862 1702 sunt
882 1676 960 1702 nec
981 1665 1080 1703 sunt
1100 1661 1213 1702 bona
1234 1659 1371 1701 sidera
1391 1659 1515 1701 caeli:

409 1716 582 1758 Lucifer
601 1717 683 1758 hoc
705 1716 860 1769 docuit,
883 1716 1016 1759 Sirius
1037 1717 1118 1758 hoc
1140 1716 1320 1757 monuit.

355 1771 598 1827 Temperies
621 1773 727 1814 caeli
747 1750 932 1814 medium
952 1788 1031 1814 nec
1053 1773 1241 1827 possidet
1262 1772 1422 1826 orbem,

287 1837 332 1867 90
408 1827 521 1869 Nam
543 1828 592 1869 de
615 1829 804 1883 quinque
826 1830 965 1884 plagis
987 1830 1058 1870 uix
1079 1828 1239 1870 habet
1229 1843 1321 1882 ipsa
1342 1828 1458 1869 duas.

358 1883 480 1933 Quod
501 1884 663 1926 caelum
680 1885 793 1938 quod
814 1888 927 1926 teria
948 1885 1105 1926 fretum
1128 1884 1241 1938 quod
1262 1885 1412 1938 purior
1429 1898 1500 1925 aer

359 2009 401 2040 62
427 2009 531 2041 sabos
556 2020 646 2041 corr.
669 2010 838 2041 Areuolus
919 2011 961 2041 63
988 2011 1090 2042 tacito
1115 2014 1254 2041 anctore
1278 2009 1417 2041 adhibet
1440 2008 1556 2041 Isido-

269 2064 327 2086 rus
351 2054 436 2096 oriy.
461 2055 492 2086 V
518 2056 537 2086 9
630 2055 672 2086 67
699 2054 874 2087 medullas
892 2056 1061 2086 Areualus
1086 2054 1228 2086 medela
1255 2054 1534 2095 est-interpolati

315 2100 357 2131 69
388 2100 420 2130 in
452 2100 601 2141 margyine
633 2104 726 2131 notat
760 2100 854 2131 ferro
886 2110 999 2131 manns
1029 2110 1097 2131 rec.
1192 2100 1234 2131 74
1264 2098 1417 2131 concula
1510 2099 1552 2130 79

268 2145 401 2185 pruina
432 2144 590 2176 Sirmond
621 2149 653 2176 et
684 2146 864 2176 Arenalus.
895 2149 931 2175 at
963 2145 1122 2184 conferas
1154 2145 1185 2175 d.
1213 2145 1275 2175 deo
1307 2145 1323 2176 I
1348 2145 1368 2175 6
1399 2143 1553 2185 pruinae

266 2190 477 2230 „hamensis
560 2189 599 2219 81
628 2190 660 2220 in
686 2191 833 2230 mar-*qino
860 2195 952 2221 notat
978 2189 1052 2221 sole
1078 2199 1191 2220 manus
1217 2199 1284 2220 rec.
1359 2189 1401 2220 88
1428 2187 1554 2230 Syrius

314 2233 357 2266 89
382 2235 414 2265 in
440 2235 586 2275 marffl'nc-
613 2239 706 2265 notat
732 2235 810 2266 celo
835 2245 949 2266 manns
974 2245 1042 2266 ree.
