1635 2522
617 157 649 188 x
675 158 854 190 247—308
1319 157 1373 199 69

185 257 321 299 ‘Illo
309 271 393 298 lam
413 261 606 311 gressus’
629 255 767 296 dixit
782 255 1017 297 conuertite
1039 255 1192 310 tigres,

181 312 298 354 Estis
319 326 445 366 opus,
467 325 560 353 mea
579 311 723 364 turba,
746 310 837 352 deo.
878 314 1100 365 properate
1122 312 1318 353 ministri.

21 374 39 420 1?
98 376 165 409 280
180 367 388 423 Pinniger
408 367 565 409 Idalius
586 367 725 408 min01
745 370 809 408 est
829 367 918 408 sine
940 381 1113 408 munere
1135 370 1322 409 nostro)

173 402 350 466 Dixerat
370 427 412 465 et
433 422 649 478 Scythiam
671 422 894 463 Bacchus
884 437 966 463 1am
988 428 1139 477 sponte
1160 424 1343 477 petebat.

182 479 272 521 Iam
294 479 413 521 uenit
433 479 484 520 ad
486 438 708 532 C,olchos
730 479 814 519 iam
836 493 879 519 se
901 477 1107 520 Semeleia
1130 479 1316 534 iungunt

182 536 389 591 Agmina,
411 534 637 588 Bybliades
658 534 817 575 saltant
840 533 1116 588 Bacchaeque
1138 537 1346 576 iotantur.

182 591 355 633 Uenatu
376 591 538 632 interea
556 589 722 631 rediens
741 589 914 631 delubra
934 591 1106 644 petebat

97 655 162 687 285
182 645 423 688 Plectriferi
443 659 644 700 germana
666 646 752 699 dei,
773 646 926 686 mirata
946 649 1121 699 iepente

182 701 304 751 Quod
325 701 446 743 sileat
465 701 691 755 templum,
721 701 860 742 subito
884 701 997 755 quod
1026 715 1194 754 sparsus
1215 701 1370 755 ubique

181 758 433 800 Ambrosius
455 757 513 798 sic
535 757 691 812 fraglet-
713 757 827 798 odor.
869 771 1048 798 sonuere
1070 771 1145 811 per
1165 771 1287 798 aures

180 813 448 856 Fescennina
469 812 581 854 deae.
621 812 896 866 pulchrorum
919 815 1019 854 uota
1040 816 1268 867 geruntur:

181 869 382 924 Iungitur
401 868 606 910 Aesonidi
628 868 797 923 fulgens
818 867 968 909 Medea
987 870 1154 910 marito.

97 933 164 966 290
180 924 367 966 Erubuit
387 924 605 978 doluitque
627 902 772 965 εἰωῢυεΙ
805 927 914 965 ‘non
937 924 1077 965 omine
1098 925 1238 965 fausto

184 981 505 1035 Coniungatur'
528 980 621 1021 ait
631 993 709 1021 nec
730 994 933 1034 piospera
953 980 1148 1021 flammea
1168 982 1318 1021 sumat.

182 1036 418 1090 Displiceat
439 1035 692 1090 quandoque
714 1036 805 1077 uiro
828 1036 894 1077 cui
922 1036 1102 1099 turpiter
1123 1035 1259 1076 audax

183 1091 424 1147 Sacrilegus
445 1092 650 1154 processit
671 1106 808 1145 amm,
831 1091 903 1132 sed
925 1092 1076 1133 iustius
1098 1095 1220 1145 opto:

180 1147 372 1189 Perfidus
395 1148 608 1202 egregiam
630 1151 875 1189 contemnat
903 1150 1032 1189 nauta
1053 1147 1259 1202 iugalem,

96 1213 162 1244 295
179 1203 358 1246 Dulcior
379 1204 552 1244 affectus
573 1203 641 1244 uel
663 1218 806 1244 amara
826 1203 1001 1257 repudia
1022 1203 1177 1244 mittat.

180 1259 349 1301 Funera
369 1261 435 1301 tot
455 1259 597 1300 uideat
618 1259 779 1300 fuerint
801 1262 905 1313 quot
924 1260 1107 1314 pignora
1127 1261 1281 1312 mater,

183 1315 297 1356 Orba
318 1329 470 1369 parens
490 1317 614 1356 natos
634 1315 833 1370 plangat,
857 1315 1030 1356 uiduata
1051 1315 1203 1356 marito

181 1370 347 1425 Lugeat
367 1373 409 1412 et
429 1370 615 1412 sterilem
636 1370 761 1412 ducat
781 1385 856 1424 per
877 1371 1044 1412 saecula
1063 1373 1244 1412 noctem.

181 1426 362 1467 Aduena
381 1441 546 1481 semper
567 1429 654 1480 eat,
677 1441 720 1467 se
741 1427 850 1468 tanti
872 1440 998 1468 causa
1020 1426 1177 1467 doloris

96 1491 163 1523 300
182 1484 415 1523 Auctorem
436 1481 629 1529 confessa
649 1485 803 1537 gemat.
818 1488 827 1504 ³
870 1482 930 1524 sic
955 1482 1044 1523 fata
1064 1481 1205 1523 Diana

182 1538 333 1579 Tristis
355 1538 464 1591 abit,
488 1538 663 1579 delubra
683 1541 846 1591 tacent,
869 1538 1051 1579 sacraria
1071 1540 1280 1591 maerent,

182 1593 399 1649 Sanguine
416 1593 575 1648 templa
590 1597 747 1647 carent,
764 1594 908 1635 nutrix
923 1597 1065 1635 tamen
1082 1594 1190 1634 atria
1205 1595 1372 1634 tantum
1391 1606 1433 1639 [p.
1451 1606 1498 1639 8⁷]

182 1649 455 1703 Templorum
479 1649 673 1690 seruabat
695 1664 819 1690 anus;
852 1649 956 1691 haec
977 1650 1104 1690 anxia
1125 1649 1284 1690 crimen

180 1704 374 1759 Uirginis
396 1708 439 1746 et
458 1708 627 1759 raptum
649 1705 828 1746 deflebat
848 1708 1008 1746 maesta
1028 1704 1246 1768 pudorem.

96 1770 161 1801 305
183 1760 360 1809 Qualis
349 1775 394 1802 in
416 1761 631 1802 exhaustis
652 1775 728 1816 per
748 1761 916 1802 sordida
937 1764 1048 1802 tecta
1068 1761 1203 1802 ruinis

182 1815 295 1858 Strix
316 1819 525 1858 nocturna
546 1820 670 1858 sonat
689 1821 827 1858 rostro
849 1817 1052 1858 stridente
1074 1831 1150 1871 per
1169 1816 1339 1857 umbras

181 1871 327 1920 Qualis
348 1875 391 1913 et
410 1872 646 1914 horrendus
666 1872 836 1913 funesto
858 1873 1043 1913 carmine
1064 1873 1176 1913 bubo

182 1927 468 1982 Conqueritur
489 1927 679 1969 deflenda
707 1941 880 1983 gemens
901 1927 1000 1968 dum
1030 1928 1169 1969 tristia
1189 1930 1373 1969 maestus

186 2031 249 2062 281
277 2039 414 2063 uacuus
437 2041 527 2062 corr.
547 2030 673 2062 Bueclz.
699 2031 792 2062 malis
817 2040 942 2062 currus
965 2033 1017 2062 uel
1037 2031 1142 2061 simile
1160 2031 1240 2072 qm'd
1308 2030 1373 2062 283

535 2075 547 2087 ·
605 2076 617 2098 t

94 2107 281 2140 Bibliades
373 2109 439 2140 284
467 2107 623 2151 peteban
721 2109 786 2140 ‘289
812 2107 964 2140 Esonidi
1057 2110 1119 2140 291
1148 2107 1375 2149 Coniugatur

97 2152 338 2195 coniungatur
361 2163 383 2194 y
464 2153 529 2184 294
554 2157 639 2184 nata
710 2154 776 2185 296
800 2156 917 2184 mater
940 2163 1030 2186 corr.
1057 2163 1102 2184 ex
1128 2153 1232 2184 matri
1307 2153 1373 2184 298

95 2199 234 2230 noctem
258 2202 449 2239 corruptum
481 2198 623 2229 uidetur.
670 2197 782 2229 uitam
808 2199 986 2239 proposuit
1011 2196 1136 2230 Buech.
1230 2197 1295 2229 299
1326 2197 1374 2228 sit

95 2242 191 2274 tanti
305 2243 367 2275 301
400 2242 494 2283 abijt
520 2241 526 2283 l
554 2245 677 2274 tacent
708 2243 830 2274 nutrix
860 2246 981 2274 tamen
1014 2243 1109 2274 atria
1141 2245 1280 2274 tantum
1312 2241 1374 2273 sed

93 2296 212 2362 εὲιρναὴ
229 2288 388 2328 scriptum
419 2286 581 2319 sacraria
614 2290 785 2319 maerent.
833 2288 908 2319 ilem
938 2298 959 2328 γ
1068 2289 1132 2320 307
1164 2286 1250 2319 bufo
1282 2296 1372 2318 corr.

130 2341 190 2363 uec
213 2356 222 2365 .
