<?xml version="1.0" encoding="UTF-8"?>
<!DOCTYPE html PUBLIC "-//W3C//DTD XHTML 1.0 Transitional//EN"
    "http://www.w3.org/TR/xhtml1/DTD/xhtml1-transitional.dtd">
<html xmlns="http://www.w3.org/1999/xhtml" xml:lang="en" lang="en">
 <head>
  <title>
</title>
<meta http-equiv="Content-Type" content="text/html;charset=utf-8" />
  <meta name='ocr-system' content='tesseract 3.04.00' />
  <meta name='ocr-capabilities' content='ocr_page ocr_carea ocr_par ocr_line ocrx_word'/>
</head>
<body>
  <div class='ocr_page' id='page_1' title='image "./carminaminoraplu00dracuoft_0086.png"; bbox 0 0 1635 2522; ppageno 0'>
   <div class='ocr_carea' id='block_1_1' title="bbox 131 1514 238 1547">
    <p class='ocr_par' dir='ltr' id='par_1_1' title="bbox 131 1514 238 1547">
     <span class='ocr_line' id='line_1_1' title="bbox 131 1514 238 1547; baseline -0.028 0"><span class='ocrx_word' id='word_1_1' title='bbox 131 1514 176 1547; x_wconf 77' lang='lat' dir='ltr'>[p-</span> <span class='ocrx_word' id='word_1_2' title='bbox 195 1514 238 1544; x_wconf 79' lang='lat'>92]</span> 
     </span>
    </p>
   </div>
   <div class='ocr_carea' id='block_1_2' title="bbox 253 108 975 148">
    <p class='ocr_par' dir='ltr' id='par_1_2' title="bbox 253 108 975 148">
     <span class='ocr_line' id='line_1_2' title="bbox 253 108 975 148; baseline -0.007 0"><span class='ocrx_word' id='word_1_3' title='bbox 253 108 307 148; x_wconf 79' lang='lat'>74</span> <span class='ocrx_word' id='word_1_4' title='bbox 806 109 975 143; x_wconf 80' lang='lat' dir='ltr'>MEDEA</span> 
     </span>
    </p>
   </div>
   <div class='ocr_carea' id='block_1_3' title="bbox 251 208 1530 2053">
    <p class='ocr_par' dir='ltr' id='par_1_3' title="bbox 338 208 1350 263">
     <span class='ocr_line' id='line_1_3' title="bbox 338 208 1350 263; baseline 0.001 -13"><span class='ocrx_word' id='word_1_5' title='bbox 338 208 480 250; x_wconf 87' lang='lat' dir='ltr'>Offero</span> <span class='ocrx_word' id='word_1_6' title='bbox 502 208 728 263; x_wconf 85' lang='lat' dir='ltr'>sacrilegos</span> <span class='ocrx_word' id='word_1_7' title='bbox 749 211 896 250; x_wconf 89' lang='lat' dir='ltr'>nostro</span> <span class='ocrx_word' id='word_1_8' title='bbox 919 209 968 250; x_wconf 87' lang='lat' dir='ltr'>de</span> <span class='ocrx_word' id='word_1_9' title='bbox 991 223 1166 262; x_wconf 87' lang='lat' dir='ltr'>corpore</span> <span class='ocrx_word' id='word_1_10' title='bbox 1187 209 1350 251; x_wconf 85' lang='lat' dir='ltr'>fructus</span> 
     </span>
    </p>

    <p class='ocr_par' dir='ltr' id='par_1_4' title="bbox 251 264 1453 541">
     <span class='ocr_line' id='line_1_4' title="bbox 251 264 1357 318; baseline 0.004 -15"><span class='ocrx_word' id='word_1_11' title='bbox 251 272 323 313; x_wconf 15' lang='lat'>4307</span> <span class='ocrx_word' id='word_1_12' title='bbox 333 264 400 306; x_wconf 90' lang='lat' dir='ltr'>Ne</span> <span class='ocrx_word' id='word_1_13' title='bbox 420 264 556 318; x_wconf 89' lang='lat' dir='ltr'>prosit</span> <span class='ocrx_word' id='word_1_14' title='bbox 575 278 769 318; x_wconf 81' lang='lat' dir='ltr'>peccasse</span> <span class='ocrx_word' id='word_1_15' title='bbox 790 264 908 305; x_wconf 88' lang='lat' dir='ltr'>mihi.</span> <span class='ocrx_word' id='word_1_16' title='bbox 922 268 934 286; x_wconf 79' lang='lat'><em>⁹</em></span> <span class='ocrx_word' id='word_1_17' title='bbox 974 265 1033 305; x_wconf 91' lang='lat' dir='ltr'>sic</span> <span class='ocrx_word' id='word_1_18' title='bbox 1054 265 1143 305; x_wconf 87' lang='lat' dir='ltr'>fata</span> <span class='ocrx_word' id='word_1_19' title='bbox 1164 265 1357 307; x_wconf 81' lang='lat' dir='ltr'>sacerdos</span> 
     </span>
     <span class='ocr_line' id='line_1_5' title="bbox 340 320 1325 374; baseline 0.001 -14"><span class='ocrx_word' id='word_1_20' title='bbox 340 320 559 374; x_wconf 82' lang='lat' dir='ltr'>Suspexit:</span> <span class='ocrx_word' id='word_1_21' title='bbox 590 323 768 361; x_wconf 75' lang='lat' dir='ltr'>tonuere</span> <span class='ocrx_word' id='word_1_22' title='bbox 789 320 898 374; x_wconf 82' lang='lat' dir='ltr'>poli,</span> <span class='ocrx_word' id='word_1_23' title='bbox 919 334 998 361; x_wconf 89' lang='lat' dir='ltr'>nec</span> <span class='ocrx_word' id='word_1_24' title='bbox 1020 320 1141 361; x_wconf 88' lang='lat' dir='ltr'>Luna</span> <span class='ocrx_word' id='word_1_25' title='bbox 1157 320 1325 362; x_wconf 88' lang='lat' dir='ltr'>uidetur</span> 
     </span>
     <span class='ocr_line' id='line_1_6' title="bbox 339 376 1333 429; baseline 0.001 -13"><span class='ocrx_word' id='word_1_26' title='bbox 339 376 407 417; x_wconf 80' lang='lat' dir='ltr'>Sic</span> <span class='ocrx_word' id='word_1_27' title='bbox 428 379 574 416; x_wconf 86' lang='lat' dir='ltr'>tauros</span> <span class='ocrx_word' id='word_1_28' title='bbox 596 389 775 429; x_wconf 85' lang='lat' dir='ltr'>urguere</span> <span class='ocrx_word' id='word_1_29' title='bbox 797 390 894 416; x_wconf 87' lang='lat' dir='ltr'>suos</span> <span class='ocrx_word' id='word_1_30' title='bbox 915 376 987 416; x_wconf 88' lang='lat' dir='ltr'>sed</span> <span class='ocrx_word' id='word_1_31' title='bbox 1009 376 1198 416; x_wconf 87' lang='lat' dir='ltr'>cursibus</span> <span class='ocrx_word' id='word_1_32' title='bbox 1220 379 1333 417; x_wconf 82' lang='lat' dir='ltr'>astra-</span> 
     </span>
     <span class='ocr_line' id='line_1_7' title="bbox 337 431 1309 486; baseline 0 -14"><span class='ocrx_word' id='word_1_33' title='bbox 337 431 491 486; x_wconf 84' lang='lat' dir='ltr'>Ignitis</span> <span class='ocrx_word' id='word_1_34' title='bbox 513 445 717 484; x_wconf 90' lang='lat' dir='ltr'>responsa</span> <span class='ocrx_word' id='word_1_35' title='bbox 739 431 907 472; x_wconf 86' lang='lat' dir='ltr'>dabant.</span> <span class='ocrx_word' id='word_1_36' title='bbox 949 432 1097 485; x_wconf 81' lang='lat' dir='ltr'>ganisa</span> <span class='ocrx_word' id='word_1_37' title='bbox 1117 431 1309 472; x_wconf 81' lang='lat' dir='ltr'>sacerdos</span> 
     </span>
     <span class='ocr_line' id='line_1_8' title="bbox 337 486 1453 541; baseline 0 -13"><span class='ocrx_word' id='word_1_38' title='bbox 337 486 481 528; x_wconf 87' lang='lat' dir='ltr'>Uertit</span> <span class='ocrx_word' id='word_1_39' title='bbox 501 486 554 527; x_wconf 89' lang='lat' dir='ltr'>ad</span> <span class='ocrx_word' id='word_1_40' title='bbox 573 486 789 527; x_wconf 86' lang='lat' dir='ltr'>infernum</span> <span class='ocrx_word' id='word_1_41' title='bbox 810 487 992 541; x_wconf 76' lang='lat' dir='ltr'>gemitus</span> <span class='ocrx_word' id='word_1_42' title='bbox 1014 500 1241 541; x_wconf 84' lang='lat' dir='ltr'>regemque</span> <span class='ocrx_word' id='word_1_43' title='bbox 1263 487 1453 528; x_wconf 83' lang='lat' dir='ltr'>barathri</span> 
     </span>
    </p>

    <p class='ocr_par' dir='ltr' id='par_1_5' title="bbox 254 542 1530 819">
     <span class='ocr_line' id='line_1_9' title="bbox 254 542 1317 596; baseline 0.002 -15"><span class='ocrx_word' id='word_1_44' title='bbox 254 551 319 582; x_wconf 83' lang='lat'>435</span> <span class='ocrx_word' id='word_1_45' title='bbox 340 542 495 585; x_wconf 80' lang='lat' dir='ltr'>Secura</span> <span class='ocrx_word' id='word_1_46' title='bbox 515 543 599 583; x_wconf 88' lang='lat' dir='ltr'>iam</span> <span class='ocrx_word' id='word_1_47' title='bbox 620 556 724 583; x_wconf 89' lang='lat' dir='ltr'>uoce</span> <span class='ocrx_word' id='word_1_48' title='bbox 746 543 828 583; x_wconf 88' lang='lat' dir='ltr'>ciet</span> <span class='ocrx_word' id='word_1_49' title='bbox 848 542 1081 596; x_wconf 87' lang='lat' dir='ltr'>Furiasque</span> <span class='ocrx_word' id='word_1_50' title='bbox 1102 545 1317 596; x_wconf 73' lang='lat' dir='ltr'>precatur:</span> 
     </span>
     <span class='ocr_line' id='line_1_10' title="bbox 338 597 1367 653; baseline -0.001 -13"><span class='ocrx_word' id='word_1_51' title='bbox 338 599 449 640; x_wconf 65' lang='lat' dir='ltr'>‘Iam</span> <span class='ocrx_word' id='word_1_52' title='bbox 470 599 538 652; x_wconf 89' lang='lat' dir='ltr'>pie</span> <span class='ocrx_word' id='word_1_53' title='bbox 560 613 633 639; x_wconf 80' lang='lat' dir='ltr'>rex</span> <span class='ocrx_word' id='word_1_54' title='bbox 653 597 783 639; x_wconf 88' lang='lat' dir='ltr'>Erebi</span> <span class='ocrx_word' id='word_1_55' title='bbox 805 598 877 652; x_wconf 86' lang='lat' dir='ltr'>qui</span> <span class='ocrx_word' id='word_1_56' title='bbox 898 597 1165 639; x_wconf 85' lang='lat' dir='ltr'>formidabile</span> <span class='ocrx_word' id='word_1_57' title='bbox 1186 612 1367 653; x_wconf 86' lang='lat' dir='ltr'>regnum</span> 
     </span>
     <span class='ocr_line' id='line_1_11' title="bbox 337 653 1529 708; baseline -0.001 -13"><span class='ocrx_word' id='word_1_58' title='bbox 337 654 490 695; x_wconf 88' lang='lat' dir='ltr'>Mortis</span> <span class='ocrx_word' id='word_1_59' title='bbox 507 654 650 707; x_wconf 80' lang='lat' dir='ltr'>habes,</span> <span class='ocrx_word' id='word_1_60' title='bbox 668 668 792 707; x_wconf 88' lang='lat' dir='ltr'>quem</span> <span class='ocrx_word' id='word_1_61' title='bbox 811 657 924 694; x_wconf 85' lang='lat' dir='ltr'>terra</span> <span class='ocrx_word' id='word_1_62' title='bbox 938 654 1104 707; x_wconf 86' lang='lat' dir='ltr'>premit,</span> <span class='ocrx_word' id='word_1_63' title='bbox 1127 655 1199 708; x_wconf 89' lang='lat' dir='ltr'>qui</span> <span class='ocrx_word' id='word_1_64' title='bbox 1215 654 1366 695; x_wconf 87' lang='lat' dir='ltr'>funera</span> <span class='ocrx_word' id='word_1_65' title='bbox 1381 653 1529 695; x_wconf 87' lang='lat' dir='ltr'>mundi</span> 
     </span>
     <span class='ocr_line' id='line_1_12' title="bbox 337 710 1386 772; baseline 0 -21"><span class='ocrx_word' id='word_1_66' title='bbox 337 710 511 764; x_wconf 83' lang='lat' dir='ltr'>Excipis</span> <span class='ocrx_word' id='word_1_67' title='bbox 532 713 575 750; x_wconf 90' lang='lat' dir='ltr'>et</span> <span class='ocrx_word' id='word_1_68' title='bbox 594 710 725 750; x_wconf 86' lang='lat' dir='ltr'>tantis</span> <span class='ocrx_word' id='word_1_69' title='bbox 745 724 834 751; x_wconf 91' lang='grc'>11011</span> <span class='ocrx_word' id='word_1_70' title='bbox 856 711 998 763; x_wconf 80' lang='lat' dir='ltr'>exples</span> <span class='ocrx_word' id='word_1_71' title='bbox 1019 710 1204 752; x_wconf 87' lang='lat' dir='ltr'>luctibus</span> <span class='ocrx_word' id='word_1_72' title='bbox 1225 710 1386 772; x_wconf 82' lang='lat' dir='ltr'>aulam,</span> 
     </span>
     <span class='ocr_line' id='line_1_13' title="bbox 336 765 1530 820; baseline 0 -14"><span class='ocrx_word' id='word_1_73' title='bbox 336 766 632 820; x_wconf 86' lang='lat' dir='ltr'>Anguicomae</span> <span class='ocrx_word' id='word_1_74' title='bbox 652 779 728 806; x_wconf 91' lang='lat' dir='ltr'>uos</span> <span class='ocrx_word' id='word_1_75' title='bbox 746 780 912 819; x_wconf 88' lang='lat' dir='ltr'>quoque</span> <span class='ocrx_word' id='word_1_76' title='bbox 924 765 1024 806; x_wconf 88' lang='lat' dir='ltr'>deae</span> <span class='ocrx_word' id='word_1_77' title='bbox 1039 766 1217 819; x_wconf 88' lang='lat' dir='ltr'>quibus</span> <span class='ocrx_word' id='word_1_78' title='bbox 1207 766 1362 819; x_wconf 80' lang='lat' dir='ltr'>impius</span> <span class='ocrx_word' id='word_1_79' title='bbox 1377 765 1530 806; x_wconf 89' lang='lat' dir='ltr'>horror</span> 
     </span>
    </p>

    <p class='ocr_par' dir='ltr' id='par_1_6' title="bbox 253 821 1429 1099">
     <span class='ocr_line' id='line_1_14' title="bbox 253 821 1416 876; baseline 0.002 -16"><span class='ocrx_word' id='word_1_80' title='bbox 253 829 320 861; x_wconf 87' lang='grc'>440</span> <span class='ocrx_word' id='word_1_81' title='bbox 339 822 498 876; x_wconf 83' lang='lat' dir='ltr'>Turpia</span> <span class='ocrx_word' id='word_1_82' title='bbox 520 822 714 875; x_wconf 90' lang='lat' dir='ltr'>uipereae</span> <span class='ocrx_word' id='word_1_83' title='bbox 735 821 974 862; x_wconf 81' lang='lat' dir='ltr'>funduntur</span> <span class='ocrx_word' id='word_1_84' title='bbox 994 822 1184 862; x_wconf 87' lang='lat' dir='ltr'>membra</span> <span class='ocrx_word' id='word_1_85' title='bbox 1211 824 1416 874; x_wconf 82' lang='lat' dir='ltr'>cerastae,</span> 
     </span>
     <span class='ocr_line' id='line_1_15' title="bbox 337 876 1429 931; baseline -0.001 -13"><span class='ocrx_word' id='word_1_86' title='bbox 337 878 553 918; x_wconf 85' lang='lat' dir='ltr'>Plurimus</span> <span class='ocrx_word' id='word_1_87' title='bbox 575 891 649 918; x_wconf 92' lang='lat' dir='ltr'>ora</span> <span class='ocrx_word' id='word_1_88' title='bbox 669 877 777 931; x_wconf 88' lang='lat' dir='ltr'>tegit</span> <span class='ocrx_word' id='word_1_89' title='bbox 796 877 984 930; x_wconf 88' lang='lat' dir='ltr'>pendens</span> <span class='ocrx_word' id='word_1_90' title='bbox 1006 876 1055 918; x_wconf 84' lang='lat' dir='ltr'>de</span> <span class='ocrx_word' id='word_1_91' title='bbox 1076 877 1234 918; x_wconf 88' lang='lat' dir='ltr'>uertice</span> <span class='ocrx_word' id='word_1_92' title='bbox 1256 891 1429 930; x_wconf 90' lang='lat' dir='ltr'>serpens</span> 
     </span>
     <span class='ocr_line' id='line_1_16' title="bbox 338 932 1378 986; baseline -0.004 -11"><span class='ocrx_word' id='word_1_93' title='bbox 338 933 396 975; x_wconf 87' lang='lat' dir='ltr'>Et-</span> <span class='ocrx_word' id='word_1_94' title='bbox 416 933 589 974; x_wconf 88' lang='lat' dir='ltr'>sinuant</span> <span class='ocrx_word' id='word_1_95' title='bbox 610 933 732 974; x_wconf 90' lang='lat' dir='ltr'>orbes</span> <span class='ocrx_word' id='word_1_96' title='bbox 752 947 828 986; x_wconf 90' lang='lat' dir='ltr'>per</span> <span class='ocrx_word' id='word_1_97' title='bbox 847 932 1006 986; x_wconf 87' lang='lat' dir='ltr'>pallida</span> <span class='ocrx_word' id='word_1_98' title='bbox 1026 933 1136 973; x_wconf 88' lang='lat' dir='ltr'>colla</span> <span class='ocrx_word' id='word_1_99' title='bbox 1156 933 1378 974; x_wconf 84' lang='lat' dir='ltr'>dracones:</span> 
     </span>
     <span class='ocr_line' id='line_1_17' title="bbox 339 988 1416 1031; baseline -0.003 0"><span class='ocrx_word' id='word_1_100' title='bbox 339 989 384 1031; x_wconf 77' lang='lat' dir='ltr'>Si</span> <span class='ocrx_word' id='word_1_101' title='bbox 405 989 601 1030; x_wconf 86' lang='lat' dir='ltr'>manibus</span> <span class='ocrx_word' id='word_1_102' title='bbox 621 988 781 1030; x_wconf 87' lang='lat' dir='ltr'>laniata</span> <span class='ocrx_word' id='word_1_103' title='bbox 802 989 906 1029; x_wconf 92' lang='lat' dir='ltr'>meis</span> <span class='ocrx_word' id='word_1_104' title='bbox 926 988 1037 1029; x_wconf 84' lang='lat' dir='ltr'>mala</span> <span class='ocrx_word' id='word_1_105' title='bbox 1058 988 1232 1029; x_wconf 82' lang='lat' dir='ltr'>uictima</span> <span class='ocrx_word' id='word_1_106' title='bbox 1252 991 1416 1029; x_wconf 88' lang='lat' dir='ltr'>uestros</span> 
     </span>
     <span class='ocr_line' id='line_1_18' title="bbox 340 1044 1366 1099; baseline -0.002 -13"><span class='ocrx_word' id='word_1_107' title='bbox 340 1045 408 1086; x_wconf 87' lang='lat' dir='ltr'>Ad</span> <span class='ocrx_word' id='word_1_108' title='bbox 429 1059 573 1086; x_wconf 88' lang='lat' dir='ltr'>manes</span> <span class='ocrx_word' id='word_1_109' title='bbox 594 1045 791 1099; x_wconf 88' lang='lat' dir='ltr'>peruenit</span> <span class='ocrx_word' id='word_1_110' title='bbox 811 1044 959 1098; x_wconf 88' lang='grc'>1101110,</span> <span class='ocrx_word' id='word_1_111' title='bbox 982 1045 1017 1085; x_wconf 90' lang='lat' dir='ltr'>si</span> <span class='ocrx_word' id='word_1_112' title='bbox 1037 1045 1200 1085; x_wconf 84' lang='lat' dir='ltr'>uiscera</span> <span class='ocrx_word' id='word_1_113' title='bbox 1220 1044 1366 1085; x_wconf 85' lang='lat' dir='ltr'>matris</span> 
     </span>
    </p>

    <p class='ocr_par' dir='ltr' id='par_1_7' title="bbox 254 1100 1482 1366">
     <span class='ocr_line' id='line_1_19' title="bbox 254 1100 1482 1155; baseline 0 -15"><span class='ocrx_word' id='word_1_114' title='bbox 254 1108 319 1140; x_wconf 83' lang='lat'>445</span> <span class='ocrx_word' id='word_1_115' title='bbox 338 1100 428 1143; x_wconf 89' lang='lat' dir='ltr'>Uos</span> <span class='ocrx_word' id='word_1_116' title='bbox 449 1103 625 1155; x_wconf 91' lang='lat' dir='ltr'>propter</span> <span class='ocrx_word' id='word_1_117' title='bbox 645 1100 841 1142; x_wconf 86' lang='lat' dir='ltr'>scindens</span> <span class='ocrx_word' id='word_1_118' title='bbox 861 1100 1056 1141; x_wconf 87' lang='lat' dir='ltr'>homines</span> <span class='ocrx_word' id='word_1_119' title='bbox 1078 1100 1123 1140; x_wconf 91' lang='lat' dir='ltr'>in</span> <span class='ocrx_word' id='word_1_120' title='bbox 1144 1102 1292 1141; x_wconf 91' lang='lat' dir='ltr'>uentre</span> <span class='ocrx_word' id='word_1_121' title='bbox 1313 1100 1482 1153; x_wconf 82' lang='lat' dir='ltr'>necaui,</span> 
     </span>
     <span class='ocr_line' id='line_1_20' title="bbox 338 1155 1455 1211; baseline -0.002 -13"><span class='ocrx_word' id='word_1_122' title='bbox 338 1157 380 1199; x_wconf 88' lang='lat' dir='ltr'>N</span> <span class='ocrx_word' id='word_1_123' title='bbox 383 1171 465 1198; x_wconf 87' lang='lat' dir='ltr'>unc</span> <span class='ocrx_word' id='word_1_124' title='bbox 486 1159 651 1198; x_wconf 87' lang='lat' dir='ltr'>nostras</span> <span class='ocrx_word' id='word_1_125' title='bbox 673 1157 813 1198; x_wconf 91' lang='lat' dir='ltr'>audite</span> <span class='ocrx_word' id='word_1_126' title='bbox 833 1170 990 1211; x_wconf 87' lang='lat' dir='ltr'>preces.</span> <span class='ocrx_word' id='word_1_127' title='bbox 1050 1158 1251 1210; x_wconf 85' lang='lat' dir='ltr'>regnator</span> <span class='ocrx_word' id='word_1_128' title='bbox 1273 1155 1455 1208; x_wconf 83' lang='lat' dir='ltr'>Auerni,</span> 
     </span>
     <span class='ocr_line' id='line_1_21' title="bbox 341 1211 1401 1266; baseline -0.002 -12"><span class='ocrx_word' id='word_1_129' title='bbox 341 1213 538 1255; x_wconf 80' lang='lat' dir='ltr'>Crastina</span> <span class='ocrx_word' id='word_1_130' title='bbox 559 1228 653 1254; x_wconf 86' lang='lat' dir='ltr'>cum</span> <span class='ocrx_word' id='word_1_131' title='bbox 675 1212 833 1253; x_wconf 80' lang='lat' dir='ltr'>Glauce</span> <span class='ocrx_word' id='word_1_132' title='bbox 855 1212 1000 1253; x_wconf 85' lang='lat' dir='ltr'>ueniet</span> <span class='ocrx_word' id='word_1_133' title='bbox 1019 1215 1205 1266; x_wconf 83' lang='lat' dir='ltr'>nuptura</span> <span class='ocrx_word' id='word_1_134' title='bbox 1226 1211 1378 1252; x_wconf 86' lang='lat' dir='ltr'>marito</span> <span class='ocrx_word' id='word_1_135' title='bbox 1391 1244 1401 1263; x_wconf 82' lang='lat'><em>7</em></span> 
     </span>
     <span class='ocr_line' id='line_1_22' title="bbox 339 1269 1376 1330; baseline -0.003 -20"><span class='ocrx_word' id='word_1_136' title='bbox 339 1269 441 1310; x_wconf 79' lang='lat' dir='ltr'>Mox</span> <span class='ocrx_word' id='word_1_137' title='bbox 463 1269 610 1309; x_wconf 84' lang='lat' dir='ltr'>Furias</span> <span class='ocrx_word' id='word_1_138' title='bbox 632 1269 807 1309; x_wconf 86' lang='lat' dir='ltr'>admitte</span> <span class='ocrx_word' id='word_1_139' title='bbox 827 1271 921 1309; x_wconf 86' lang='lat' dir='ltr'>tuas</span> <span class='ocrx_word' id='word_1_140' title='bbox 932 1270 1188 1330; x_wconf 81' lang='lat' dir='ltr'>‚properate</span> <span class='ocrx_word' id='word_1_141' title='bbox 1210 1281 1376 1308; x_wconf 88' lang='lat' dir='ltr'>sorores</span> 
     </span>
     <span class='ocr_line' id='line_1_23' title="bbox 341 1324 1428 1377; baseline -0.003 -11"><span class='ocrx_word' id='word_1_142' title='bbox 341 1325 579 1366; x_wconf 63' lang='lat' dir='ltr'>Tartari-,eae</span> <span class='ocrx_word' id='word_1_143' title='bbox 621 1324 777 1365; x_wconf 89' lang='lat' dir='ltr'>Thebis</span> <span class='ocrx_word' id='word_1_144' title='bbox 798 1325 953 1365; x_wconf 89' lang='lat' dir='ltr'>iterum</span> <span class='ocrx_word' id='word_1_145' title='bbox 973 1324 1058 1364; x_wconf 89' lang='lat' dir='ltr'>iam</span> <span class='ocrx_word' id='word_1_146' title='bbox 1080 1326 1181 1364; x_wconf 82' lang='lat' dir='ltr'>uota-</span> <span class='ocrx_word' id='word_1_147' title='bbox 1202 1325 1428 1377; x_wconf 87' lang='lat' dir='ltr'>ger7untur</span> 
     </span>
    </p>

    <p class='ocr_par' dir='ltr' id='par_1_8' title="bbox 257 1378 1516 1601">
     <span class='ocr_line' id='line_1_24' title="bbox 257 1378 1428 1435; baseline -0.002 -15"><span class='ocrx_word' id='word_1_148' title='bbox 257 1389 323 1420; x_wconf 85' lang='grc'>450</span> <span class='ocrx_word' id='word_1_149' title='bbox 342 1381 529 1435; x_wconf 82' lang='lat' dir='ltr'>Currite7</span> <span class='ocrx_word' id='word_1_150' title='bbox 551 1395 627 1434; x_wconf 90' lang='lat' dir='ltr'>per</span> <span class='ocrx_word' id='word_1_151' title='bbox 646 1380 858 1421; x_wconf 87' lang='lat' dir='ltr'>thalamos</span> <span class='ocrx_word' id='word_1_152' title='bbox 879 1380 1069 1420; x_wconf 82' lang='lat' dir='ltr'>locastae</span> <span class='ocrx_word' id='word_1_153' title='bbox 1091 1379 1223 1420; x_wconf 83' lang='lat' dir='ltr'>frater</span> <span class='ocrx_word' id='word_1_154' title='bbox 1244 1381 1286 1419; x_wconf 88' lang='lat' dir='ltr'>et</span> <span class='ocrx_word' id='word_1_155' title='bbox 1305 1378 1428 1419; x_wconf 90' lang='lat' dir='ltr'>heres</span> 
     </span>
     <span class='ocr_line' id='line_1_25' title="bbox 343 1433 1479 1491; baseline -0.006 -12"><span class='ocrx_word' id='word_1_156' title='bbox 343 1437 579 1491; x_wconf 80' lang='lat' dir='ltr'>Coniungit</span> <span class='ocrx_word' id='word_1_157' title='bbox 598 1439 754 1477; x_wconf 88' lang='lat' dir='ltr'>natam.</span> <span class='ocrx_word' id='word_1_158' title='bbox 796 1450 900 1491; x_wconf 89' lang='lat' dir='ltr'>gens</span> <span class='ocrx_word' id='word_1_159' title='bbox 921 1436 1020 1477; x_wconf 68' lang='lat' dir='ltr'>haec</span> <span class='ocrx_word' id='word_1_160' title='bbox 1051 1438 1113 1476; x_wconf 87' lang='lat' dir='ltr'>est</span> <span class='ocrx_word' id='word_1_161' title='bbox 1134 1437 1286 1476; x_wconf 68' lang='lat' dir='ltr'>uestra</span> <span class='ocrx_word' id='word_1_162' title='bbox 1328 1433 1479 1476; x_wconf 68' lang='lat' dir='ltr'>dicabit</span> 
     </span>
     <span class='ocr_line' id='line_1_26' title="bbox 343 1471 1410 1546; baseline -0.003 -12"><span class='ocrx_word' id='word_1_163' title='bbox 343 1493 554 1535; x_wconf 84' lang='lat' dir='ltr'>Mortibus</span> <span class='ocrx_word' id='word_1_164' title='bbox 576 1493 791 1546; x_wconf 74' lang='lat' dir='ltr'>impietas,</span> <span class='ocrx_word' id='word_1_165' title='bbox 796 1471 989 1532; x_wconf 66' lang='lat' dir='ltr'>C&gt;affectus</span> <span class='ocrx_word' id='word_1_166' title='bbox 1010 1491 1161 1532; x_wconf 87' lang='lat' dir='ltr'>funera</span> <span class='ocrx_word' id='word_1_167' title='bbox 1181 1506 1231 1545; x_wconf 84' lang='lat' dir='ltr'>pi</span> <span class='ocrx_word' id='word_1_168' title='bbox 1234 1492 1410 1531; x_wconf 88' lang='lat' dir='ltr'>aestent.</span> 
     </span>
     <span class='ocr_line' id='line_1_27' title="bbox 344 1525 1516 1601; baseline -0.005 -10"><span class='ocrx_word' id='word_1_169' title='bbox 344 1549 429 1591; x_wconf 75' lang='lat' dir='ltr'>Cur</span> <span class='ocrx_word' id='word_1_170' title='bbox 456 1548 608 1590; x_wconf 82' lang='lat' dir='ltr'>mora?</span> <span class='ocrx_word' id='word_1_171' title='bbox 648 1563 747 1589; x_wconf 86' lang='lat' dir='ltr'>nam</span> <span class='ocrx_word' id='word_1_172' title='bbox 768 1525 878 1589; x_wconf 79' lang='grc'>1111111</span> <span class='ocrx_word' id='word_1_173' title='bbox 907 1550 970 1588; x_wconf 88' lang='lat' dir='ltr'>est</span> <span class='ocrx_word' id='word_1_174' title='bbox 999 1547 1112 1601; x_wconf 85' lang='lat' dir='ltr'>quod</span> <span class='ocrx_word' id='word_1_175' title='bbox 1132 1561 1222 1588; x_wconf 88' lang='lat' dir='ltr'>non</span> <span class='ocrx_word' id='word_1_176' title='bbox 1250 1561 1317 1587; x_wconf 90' lang='lat' dir='ltr'>me</span> <span class='ocrx_word' id='word_1_177' title='bbox 1339 1544 1516 1587; x_wconf 71' lang='lat' dir='ltr'>exantlat</span> 
     </span>
    </p>

    <p class='ocr_par' dir='ltr' id='par_1_9' title="bbox 1203 1617 1416 1657">
     <span class='ocr_line' id='line_1_28' title="bbox 1203 1617 1416 1657; baseline 0 -14"><span class='ocrx_word' id='word_1_178' title='bbox 1203 1617 1416 1657; x_wconf 89' lang='lat' dir='ltr'>umquam.</span> 
     </span>
    </p>

    <p class='ocr_par' dir='ltr' id='par_1_10' title="bbox 343 1659 1386 1716">
     <span class='ocr_line' id='line_1_29' title="bbox 343 1659 1386 1716; baseline -0.004 -13"><span class='ocrx_word' id='word_1_179' title='bbox 343 1661 583 1716; x_wconf 86' lang='lat' dir='ltr'>Uirginitas</span> <span class='ocrx_word' id='word_1_180' title='bbox 605 1661 640 1702; x_wconf 93' lang='lat' dir='ltr'>si</span> <span class='ocrx_word' id='word_1_181' title='bbox 663 1663 777 1702; x_wconf 85' lang='lat' dir='ltr'>casta</span> <span class='ocrx_word' id='word_1_182' title='bbox 797 1661 956 1714; x_wconf 86' lang='lat' dir='ltr'>placet7</span> <span class='ocrx_word' id='word_1_183' title='bbox 978 1660 1160 1701; x_wconf 87' lang='lat' dir='ltr'>retinere</span> <span class='ocrx_word' id='word_1_184' title='bbox 1181 1659 1386 1713; x_wconf 89' lang='lat' dir='ltr'>pudorem</span> 
     </span>
    </p>

    <p class='ocr_par' dir='ltr' id='par_1_11' title="bbox 258 1715 1414 1995">
     <span class='ocr_line' id='line_1_30' title="bbox 258 1715 1390 1771; baseline -0.002 -14"><span class='ocrx_word' id='word_1_185' title='bbox 258 1727 323 1758; x_wconf 86' lang='lat'>455</span> <span class='ocrx_word' id='word_1_186' title='bbox 344 1717 389 1760; x_wconf 79' lang='lat' dir='ltr'>Si</span> <span class='ocrx_word' id='word_1_187' title='bbox 410 1718 515 1759; x_wconf 88' lang='lat' dir='ltr'>libet</span> <span class='ocrx_word' id='word_1_188' title='bbox 536 1721 578 1759; x_wconf 91' lang='lat' dir='ltr'>et</span> <span class='ocrx_word' id='word_1_189' title='bbox 597 1731 832 1771; x_wconf 86' lang='lat' dir='ltr'>numquam</span> <span class='ocrx_word' id='word_1_190' title='bbox 853 1716 1051 1770; x_wconf 84' lang='lat' dir='ltr'>contagia</span> <span class='ocrx_word' id='word_1_191' title='bbox 1073 1715 1228 1756; x_wconf 86' lang='lat' dir='ltr'>blanda</span> <span class='ocrx_word' id='word_1_192' title='bbox 1248 1715 1390 1755; x_wconf 85' lang='lat' dir='ltr'>mariti</span> 
     </span>
     <span class='ocr_line' id='line_1_31' title="bbox 347 1771 1423 1828; baseline -0.003 -14"><span class='ocrx_word' id='word_1_193' title='bbox 347 1773 579 1828; x_wconf 77' lang='lat' dir='ltr'>Quaeritis,</span> <span class='ocrx_word' id='word_1_194' title='bbox 601 1774 806 1827; x_wconf 81' lang='lat' dir='ltr'>innuptae</span> <span class='ocrx_word' id='word_1_195' title='bbox 827 1775 1005 1826; x_wconf 86' lang='lat' dir='ltr'>nuptam</span> <span class='ocrx_word' id='word_1_196' title='bbox 1027 1771 1249 1812; x_wconf 73' lang='lat' dir='ltr'>exhorrete</span> <span class='ocrx_word' id='word_1_197' title='bbox 1271 1785 1423 1812; x_wconf 88' lang='lat' dir='ltr'>sorore</span> 
     </span>
     <span class='ocr_line' id='line_1_32' title="bbox 346 1827 1391 1882; baseline -0.003 -11"><span class='ocrx_word' id='word_1_198' title='bbox 346 1829 391 1872; x_wconf 82' lang='lat' dir='ltr'>Si</span> <span class='ocrx_word' id='word_1_199' title='bbox 412 1829 561 1870; x_wconf 84' lang='lat' dir='ltr'>Furias</span> <span class='ocrx_word' id='word_1_200' title='bbox 583 1829 745 1871; x_wconf 87' lang='lat' dir='ltr'>saeuire</span> <span class='ocrx_word' id='word_1_201' title='bbox 766 1843 917 1882; x_wconf 90' lang='lat' dir='ltr'>precor</span> <span class='ocrx_word' id='word_1_202' title='bbox 937 1842 1014 1869; x_wconf 86' lang='lat' dir='ltr'>nec</span> <span class='ocrx_word' id='word_1_203' title='bbox 1036 1831 1187 1881; x_wconf 87' lang='lat' dir='ltr'>sponte</span> <span class='ocrx_word' id='word_1_204' title='bbox 1208 1827 1391 1880; x_wconf 85' lang='lat' dir='ltr'>nocetis,</span> 
     </span>
     <span class='ocr_line' id='line_1_33' title="bbox 344 1884 1393 1938; baseline -0.003 -11"><span class='ocrx_word' id='word_1_205' title='bbox 344 1886 446 1927; x_wconf 90' lang='lat' dir='ltr'>Non</span> <span class='ocrx_word' id='word_1_206' title='bbox 468 1886 567 1927; x_wconf 87' lang='lat' dir='ltr'>estis</span> <span class='ocrx_word' id='word_1_207' title='bbox 588 1885 761 1938; x_wconf 81' lang='lat' dir='ltr'>Fmiae,</span> <span class='ocrx_word' id='word_1_208' title='bbox 783 1899 941 1926; x_wconf 88' lang='lat' dir='ltr'>nomen</span> <span class='ocrx_word' id='word_1_209' title='bbox 962 1887 1121 1924; x_wconf 88' lang='lat' dir='ltr'>mutate</span> <span class='ocrx_word' id='word_1_210' title='bbox 1143 1884 1393 1937; x_wconf 83' lang='lat' dir='ltr'>domosque,</span> 
     </span>
     <span class='ocr_line' id='line_1_34' title="bbox 345 1940 1335 1995; baseline -0.003 -12"><span class='ocrx_word' id='word_1_211' title='bbox 345 1942 500 1983; x_wconf 84' lang='lat' dir='ltr'>Ponite</span> <span class='ocrx_word' id='word_1_212' title='bbox 522 1944 759 1995; x_wconf 84' lang='lat' dir='ltr'>ser7pentes</span> <span class='ocrx_word' id='word_1_213' title='bbox 782 1941 941 1981; x_wconf 86' lang='lat' dir='ltr'>alienas</span> <span class='ocrx_word' id='word_1_214' title='bbox 963 1940 1124 1981; x_wconf 85' lang='lat' dir='ltr'>reddite</span> <span class='ocrx_word' id='word_1_215' title='bbox 1146 1940 1335 1980; x_wconf 83' lang='lat' dir='ltr'>flammas</span> 
     </span>
    </p>

    <p class='ocr_par' dir='ltr' id='par_1_12' title="bbox 260 1975 1476 2053">
     <span class='ocr_line' id='line_1_35' title="bbox 260 1975 1476 2053; baseline -0.002 -16"><span class='ocrx_word' id='word_1_216' title='bbox 260 2007 326 2038; x_wconf 85' lang='grc'>460</span> <span class='ocrx_word' id='word_1_217' title='bbox 344 1998 401 2039; x_wconf 88' lang='lat' dir='ltr'>Et</span> <span class='ocrx_word' id='word_1_218' title='bbox 422 2012 599 2053; x_wconf 88' lang='lat' dir='ltr'>puerum</span> <span class='ocrx_word' id='word_1_219' title='bbox 624 1975 804 2039; x_wconf 64' lang='lat' dir='ltr'>Ueneris</span> <span class='ocrx_word' id='word_1_220' title='bbox 826 2011 950 2050; x_wconf 87' lang='lat' dir='ltr'>quem</span> <span class='ocrx_word' id='word_1_221' title='bbox 972 1997 1054 2036; x_wconf 83' lang='lat' dir='ltr'>iam</span> <span class='ocrx_word' id='word_1_222' title='bbox 1077 1995 1310 2050; x_wconf 85' lang='lat' dir='ltr'>tempsistis</span> <span class='ocrx_word' id='word_1_223' title='bbox 1331 1993 1476 2036; x_wconf 69' lang='lat' dir='ltr'>arate’</span> 
     </span>
    </p>
   </div>
   <div class='ocr_carea' id='block_1_4' title="bbox 260 2107 1509 2333">
    <p class='ocr_par' dir='ltr' id='par_1_13' title="bbox 260 2107 1509 2333">
     <span class='ocr_line' id='line_1_36' title="bbox 350 2107 1509 2152; baseline -0.004 -8"><span class='ocrx_word' id='word_1_224' title='bbox 350 2113 414 2144; x_wconf 84' lang='lat'>431</span> <span class='ocrx_word' id='word_1_225' title='bbox 447 2122 517 2144; x_wconf 89' lang='lat' dir='ltr'>non</span> <span class='ocrx_word' id='word_1_226' title='bbox 549 2122 625 2143; x_wconf 80' lang='lat' dir='ltr'>lure</span> <span class='ocrx_word' id='word_1_227' title='bbox 659 2111 761 2152; x_wconf 84' lang='lat' dir='ltr'>polos</span> <span class='ocrx_word' id='word_1_228' title='bbox 793 2113 882 2152; x_wconf 77' lang='lat' dir='ltr'>qnod</span> <span class='ocrx_word' id='word_1_229' title='bbox 910 2113 1008 2152; x_wconf 77' lang='lat' dir='ltr'>posui</span> <span class='ocrx_word' id='word_1_230' title='bbox 1039 2111 1209 2151; x_wconf 79' lang='lat' dir='ltr'>temptauit</span> <span class='ocrx_word' id='word_1_231' title='bbox 1242 2109 1356 2141; x_wconf 69' lang='lat' dir='ltr'>Bacch</span> <span class='ocrx_word' id='word_1_232' title='bbox 1442 2107 1509 2140; x_wconf 81' lang='lat'>434</span> 
     </span>
     <span class='ocr_line' id='line_1_37' title="bbox 261 2152 1508 2197; baseline -0.005 -8"><span class='ocrx_word' id='word_1_233' title='bbox 261 2157 401 2189; x_wconf 81' lang='lat' dir='ltr'>baratri</span> <span class='ocrx_word' id='word_1_234' title='bbox 490 2157 555 2188; x_wconf 77' lang='grc'>436</span> <span class='ocrx_word' id='word_1_235' title='bbox 581 2158 675 2187; x_wconf 58' lang='lat' dir='ltr'>malis·</span> <span class='ocrx_word' id='word_1_236' title='bbox 703 2157 812 2197; x_wconf 82' lang='lat' dir='ltr'>impie</span> <span class='ocrx_word' id='word_1_237' title='bbox 835 2156 840 2196; x_wconf 82' lang='grc'>1</span> <span class='ocrx_word' id='word_1_238' title='bbox 863 2156 984 2188; x_wconf 83' lang='lat' dir='ltr'>herebi</span> <span class='ocrx_word' id='word_1_239' title='bbox 1076 2158 1139 2187; x_wconf 83' lang='grc'>441</span> <span class='ocrx_word' id='word_1_240' title='bbox 1168 2155 1336 2187; x_wconf 85' lang='lat' dir='ltr'>Plurimis</span> <span class='ocrx_word' id='word_1_241' title='bbox 1442 2152 1508 2184; x_wconf 80' lang='lat'>450</span> 
     </span>
     <span class='ocr_line' id='line_1_38' title="bbox 260 2198 1506 2244; baseline -0.003 -10"><span class='ocrx_word' id='word_1_242' title='bbox 260 2202 429 2244; x_wconf 65' lang='lat' dir='ltr'>Iochastq</span> <span class='ocrx_word' id='word_1_243' title='bbox 509 2203 572 2233; x_wconf 75' lang='lat'>451</span> <span class='ocrx_word' id='word_1_244' title='bbox 600 2211 714 2243; x_wconf 82' lang='lat' dir='ltr'>genus</span> <span class='ocrx_word' id='word_1_245' title='bbox 740 2206 794 2233; x_wconf 80' lang='lat' dir='ltr'>est</span> <span class='ocrx_word' id='word_1_246' title='bbox 821 2213 910 2234; x_wconf 77' lang='lat' dir='ltr'>corr.</span> <span class='ocrx_word' id='word_1_247' title='bbox 938 2201 1063 2234; x_wconf 73' lang='lat' dir='ltr'>Bueclt.</span> <span class='ocrx_word' id='word_1_248' title='bbox 1149 2202 1213 2232; x_wconf 73' lang='lat'>452</span> <span class='ocrx_word' id='word_1_249' title='bbox 1239 2198 1392 2241; x_wconf 67' lang='lat' dir='ltr'>praosnt</span> <span class='ocrx_word' id='word_1_250' title='bbox 1417 2206 1506 2230; x_wconf 79' lang='lat' dir='ltr'>corr.</span> 
     </span>
     <span class='ocr_line' id='line_1_39' title="bbox 262 2241 1507 2285; baseline -0.002 -7"><span class='ocrx_word' id='word_1_251' title='bbox 262 2247 388 2279; x_wconf 79' lang='lat' dir='ltr'>Buech.</span> <span class='ocrx_word' id='word_1_252' title='bbox 481 2248 546 2278; x_wconf 83' lang='grc'>453</span> <span class='ocrx_word' id='word_1_253' title='bbox 577 2257 631 2277; x_wconf 74' lang='lat' dir='ltr'>me</span> <span class='ocrx_word' id='word_1_254' title='bbox 665 2256 736 2277; x_wconf 89' lang='lat' dir='ltr'>non</span> <span class='ocrx_word' id='word_1_255' title='bbox 769 2247 943 2278; x_wconf 81' lang='lat' dir='ltr'>exaudiat</span> <span class='ocrx_word' id='word_1_256' title='bbox 1027 2248 1092 2279; x_wconf 82' lang='lat'>458</span> <span class='ocrx_word' id='word_1_257' title='bbox 1117 2246 1161 2285; x_wconf 76' lang='lat' dir='ltr'>cf.</span> <span class='ocrx_word' id='word_1_258' title='bbox 1190 2244 1300 2277; x_wconf 78' lang='lat' dir='ltr'>Orest.</span> <span class='ocrx_word' id='word_1_259' title='bbox 1326 2241 1357 2272; x_wconf 94' lang='grc'>7</span> <span class='ocrx_word' id='word_1_260' title='bbox 1440 2242 1507 2275; x_wconf 84' lang='grc'>460</span> 
     </span>
     <span class='ocr_line' id='line_1_40' title="bbox 263 2293 1028 2333; baseline -0.001 -10"><span class='ocrx_word' id='word_1_261' title='bbox 263 2295 384 2323; x_wconf 75' lang='lat' dir='ltr'>aetate</span> <span class='ocrx_word' id='word_1_262' title='bbox 412 2293 464 2323; x_wconf 76' lang='lat' dir='ltr'>cni</span> <span class='ocrx_word' id='word_1_263' title='bbox 487 2293 702 2333; x_wconf 74' lang='lat' dir='ltr'>corruptelae</span> <span class='ocrx_word' id='word_1_264' title='bbox 731 2297 808 2323; x_wconf 78' lang='lat' dir='ltr'>nota</span> <span class='ocrx_word' id='word_1_265' title='bbox 835 2293 952 2323; x_wconf 73' lang='lat' dir='ltr'>addua</span> <span class='ocrx_word' id='word_1_266' title='bbox 978 2297 1028 2323; x_wconf 75' lang='lat' dir='ltr'>est</span> 
     </span>
    </p>
   </div>
  </div>
 </body>
</html>
