1635 2522
190 646 232 677 [p.
251 645 278 675 4]

291 89 320 130 4
851 87 1008 120 HYLAS

312 198 355 228 60
376 188 584 229 Iudicium
604 186 769 228 Paridis
788 186 858 226 uel
877 189 1066 240 nostros,
1087 189 1207 240 nate,
1228 187 1468 241 triumphos

380 243 613 286 Cantarent
632 241 784 282 fluidae
806 244 1026 295 carpentes
1046 256 1178 296 pensa
1197 243 1377 296 puellae.

376 299 456 340 Est
475 299 659 353 gemitus
679 297 785 338 haec
806 311 931 338 causa
951 298 1048 338 mei.
1091 312 1194 352 quas
1215 313 1290 339 ure
1312 298 1478 353 sagittis

382 354 519 396 Corda
540 354 609 394 uel
631 353 800 393 illarum
820 352 931 394 dulci
953 353 1155 408 continge
1181 368 1368 395 ueneno:

379 409 571 451 Noscant
592 408 691 462 quid
713 409 768 450 sit
788 423 918 461 amor,
941 408 1105 450 discant
1124 412 1198 449 tua
1217 409 1304 450 tela
1316 411 1495 462 puellae.

317 475 357 505 65
379 464 541 505 Alcidis
563 479 702 506 comes
724 467 786 505 est
807 478 947 505 comes
967 464 1202 518 puerilibus
1222 465 1346 506 annis

382 520 516 568 Quem
537 521 668 561 rubor
687 522 735 561 ut
754 534 900 561 roseus
921 521 980 561 sic
1003 521 1160 561 candor
1180 520 1340 561 lacteus
1362 524 1506 575 ornat,

379 576 449 616 Illi
469 590 707 630 purpureus
727 576 855 617 niueo
876 579 997 617 natat
1015 576 1129 630 ignis
1149 576 1195 617 in
1216 591 1307 617 ore:

382 631 477 673 Hoc
496 646 628 686 puero
650 632 742 672 uiso
763 631 1062 686 Nympharum
1082 632 1207 673 turba
1228 632 1419 673 calescat.

380 687 496 728 Haec
517 688 601 728 illis
624 688 677 728 sit
697 701 837 741 poena
857 701 1017 729 nocens
1036 691 1085 728 ut
1105 691 1206 729 uota
1226 688 1452 729 trahantur

316 752 359 783 70
378 743 574 797 Ipsarum
594 743 639 784 in
661 743 838 798 longum
860 743 993 784 donec
1014 743 1215 797 pubescat
1236 746 1437 784 amatus.’

380 799 475 840 Ibat
497 799 634 840 adhuc
655 800 700 839 in
721 800 852 839 uerba
872 799 994 840 dolor
1013 799 1059 840 ni
1079 799 1279 854 pinniger
1299 799 1435 840 audax

383 854 616 896 Dimittens
637 857 816 895 matrem
837 854 1052 896 fricuisset
1072 858 1165 896 cote
1187 856 1377 910 sagittas.

382 913 498 951 Arcu
519 911 682 951 cinctus
704 913 812 963 erat,
835 910 991 951 dantur
1009 913 1107 964 post
1125 913 1247 965 terga
1266 911 1491 965 pharetrae

383 967 553 1020 Accipit
573 969 616 1007 et
634 966 825 1007 flammas
852 966 1075 1007 hominum
1097 967 1325 1020 diuumque
1346 967 1557 1020 uoluptas.

320 1031 361 1062 75
383 1022 542 1063 Euolat
562 1024 764 1063 armatus.
805 1022 878 1062 uix
901 1022 1062 1063 caelum
1086 1022 1269 1076 liquerat-
1289 1022 1376 1063 ales

384 1078 558 1131 Iamque
579 1081 697 1119 tenet
717 1080 872 1118 terras:
904 1078 961 1119 sic
984 1078 1115 1119 currit
1135 1079 1290 1119 mentis
1311 1092 1501 1120 acumen.

386 1133 446 1175 Ut
467 1134 587 1175 uenit
608 1133 659 1175 ad
680 1133 865 1186 fontem,
888 1134 1069 1187 lapidem
1095 1134 1274 1188 proiecit
1293 1134 1339 1174 in
1360 1133 1506 1175 undas.

387 1189 612 1231 Concussit
632 1190 769 1231 uitreo
791 1190 956 1230 sonitus
977 1190 1054 1231 sub
1075 1190 1195 1231 fonte
1215 1190 1391 1244 puellas.

385 1245 581 1286 Exiliunt
602 1248 796 1298 cunctae7
819 1249 1029 1299 quaerunt
1049 1260 1156 1300 quae
1178 1260 1303 1287 causa
1331 1246 1494 1299 quietas

319 1311 363 1342 80
387 1301 608 1343 Sollicitet.
649 1301 822 1342 uolucer
841 1301 1012 1356 fugiens
1037 1316 1185 1343 nemus
1207 1302 1339 1342 intrat-
1361 1315 1561 1356 opacum,

387 1357 574 1410 Moxque
596 1357 662 1397 dei
683 1357 827 1398 uultus
850 1358 1026 1398 uestiuit
1046 1359 1187 1412 imago
1208 1357 1377 1410 Naidis,

388 1412 544 1454 Tendit
563 1413 753 1454 membra
772 1427 878 1466 puer
898 1413 1051 1468 longos
1073 1417 1119 1454 ut
1141 1416 1301 1454 crescat
1321 1413 1366 1454 in
1390 1415 1507 1454 artus

387 1468 447 1510 Ut
467 1469 603 1522 possit
625 1469 835 1522 complere
857 1469 977 1510 dolos
999 1484 1047 1510 ac
1067 1469 1181 1510 iussa
1198 1469 1387 1523 parentis

388 1524 552 1566 Glauca
574 1525 701 1578 pedes
722 1525 894 1566 fluitans
916 1525 1045 1566 uestis
1066 1525 1232 1566 laxatur
1252 1525 1304 1566 ad
1325 1525 1453 1578 imos,

321 1590 363 1621 85
391 1580 582 1622 Candida
603 1580 744 1621 diffusi
764 1580 917 1622 ludunt
935 1595 1012 1634 per
1032 1581 1142 1623 colla
1162 1581 1306 1635 capilli

387 1637 445 1677 Et
466 1639 596 1677 uento
619 1636 831 1690 crispante
852 1637 986 1692 gradu
1007 1651 1128 1678 coma
1148 1637 1325 1678 fluctuat
1346 1639 1459 1689 act-a,

389 1693 525 1733 Frons
547 1691 707 1733 nudata
727 1692 847 1733 decet·
867 1692 1004 1734 diuiso
1025 1693 1190 1748 fulgida
1210 1694 1345 1745 crine,

388 1747 446 1789 Et
468 1748 585 1789 uelut
606 1748 765 1789 inuitos
787 1762 955 1803 gressus
975 1749 1223 1803 pudibunda
1245 1749 1445 1790 mouebat

389 1804 595 1845 Incedens
616 1805 814 1859 fluxoque
835 1805 971 1846 latent
992 1805 1069 1846 sub
1090 1805 1278 1859 tegmine
1299 1805 1470 1859 pinnae.

323 1869 368 1899 90
387 1859 674 1914 Misceturque
695 1875 801 1914 puer
821 1860 1034 1915 Nymphis
1055 1861 1132 1902 sub
1154 1861 1296 1902 fronte
1316 1860 1482 1914 puellae

389 1916 447 1957 Et
468 1930 613 1957 causas
639 1917 850 1970 perquirit
870 1919 1005 1958 Amor
1025 1931 1099 1958 cur
1119 1917 1238 1958 fonte
1260 1917 1408 1958 relicto

389 1972 541 2013 Terras
563 1976 684 2014 cauta
707 1973 834 2026 petit,
857 1972 996 2014 facilis
1017 1973 1085 2014 cui
1105 1974 1231 2014 turba
1251 1973 1401 2014 fluenti

395 2087 437 2118 62
477 2087 623 2127 genitus
654 2097 743 2120 corr.
776 2086 902 2118 Bueclz.
1017 2088 1060 2119 64
1091 2088 1228 2120 Noscat
1262 2089 1477 2128 corruptelae
1509 2089 1588 2118 nota

305 2132 420 2163 uersm'
455 2134 656 2172 praeposita
773 2133 815 2163 135
853 2130 990 2174 comes]
1029 2132 1159 2164 florens
1196 2133 1248 2163 uel
1283 2131 1403 2164 mollis
1439 2132 1588 2163 conicias

305 2177 347 2207 71
372 2175 447 2207 Iret
472 2186 562 2207 corr.
588 2175 714 2208 Bueclz.
738 2175 742 2217 Ι
765 2176 801 2207 ni
830 2176 943 2208 uerba
1036 2179 1078 2209 73
1106 2178 1322 2208 Arcucintus
1415 2178 1458 2208 74
1482 2176 1588 2208 Acci-

306 2221 385 2262 piet
475 2221 517 2252 81
544 2222 611 2252 αΙία
636 2226 669 2252 et
691 2221 801 2262 proba
826 2232 979 2253 mensura
1005 2222 1141 2253 Naidas
1166 2222 1233 2254 VII
1259 2223 1302 2255 35
1394 2223 1438 2255 84
1468 2231 1590 2253 corru-

306 2267 418 2306 ptelae
451 2271 530 2298 nota
558 2267 770 2308 praeposita.
817 2269 960 2308 spatium
987 2278 1051 2299 non
1076 2268 1224 2299 relictum
1319 2268 1362 2299 89
1386 2265 1591 2298 Incendens
