1635 2522
22 86 50 161 ,τ-ῑε

632 112 664 143 x
689 115 843 146 59-119
1318 113 1372 155 (53

180 210 241 253 Ut
260 211 437 266 pelagus
458 211 634 253 caluisse
656 211 790 264 uidet,
823 210 915 254 ‘hie
937 211 1092 266 aliger'
1118 212 1268 265 inquit

113 275 158 307 90
178 266 283 308 ‘Hic
302 267 408 308 latet
426 267 600 308 Idalius.
637 267 708 308 sed
728 281 817 308 non
840 267 961 320 latet,
983 281 1169 320 aequora
1189 268 1370 310 seruent.

178 325 379 378 Agnosco
402 323 578 364 stridere
599 322 755 364 fretum
777 336 849 363 ceu
873 322 1072 363 Phoebus
1093 323 1270 364 anhelos

179 377 348 420 Oceano
371 378 579 420 demercrit
599 392 742 432 equos,
765 391 860 419 cum
882 380 1008 419 nocte
1029 378 1273 432 propinqua
1380 403 1422 436 [p-
1442 404 1488 436 30]

178 433 301 476 Luna
319 435 440 476 uenit
459 414 657 475 stellante
677 433 777 488 polo
798 433 1082 487 pendentibus
1105 434 1240 475 astris.

178 489 274 531 Huc
295 489 413 543 ades,
436 504 460 531 o
481 490 639 531 lasciue
659 504 783 543 puer,
805 492 847 530 te
867 492 1004 530 mater
1024 490 1181 543 ubique

113 552 155 584 95
179 544 352 593 Quaerit
373 549 415 587 et
435 560 456 586 e
478 546 641 586 cunctis
662 549 851 586 uestrum
872 559 938 586 me
960 545 1077 586 misit
1097 545 1318 587 alumnum

178 600 239 642 Ut
259 601 404 642 uenias
424 603 626 654 parcente
647 605 796 642 mora.’
832 601 891 641 sic
911 601 1038 642 fatus.
1081 604 1124 642 at
1146 600 1216 642 ille

176 656 397 698 Fluctibus
419 671 441 698 e
461 656 610 697 mediis
631 670 808 711 surgens
828 656 1031 697 rutilante
1053 657 1208 710 capillo

176 711 376 753 Excussit
394 726 470 766 per
490 713 617 753 inane
638 714 784 765 caput,
807 712 946 765 quatit
965 712 1147 766 impiger
1168 713 1255 753 alas

177 767 238 810 Ut
256 768 410 822 pinnas
431 767 612 809 desiccet
632 768 773 821 aquis,
795 768 923 809 micat
943 768 1055 822 ignis
1077 771 1124 808 ut
1144 770 1257 809 astra

94 830 159 862 100
173 823 398 865 Plausibus
420 838 618 865 excussus
638 823 780 877 pueri,
802 837 878 877 per
899 826 1051 864 cuncta
1073 823 1237 864 uideres

109 931 113 934 .
176 878 419 921 Scintillare
442 879 572 931 diem,
602 879 787 920 uolitant
807 893 933 933 super
953 893 1139 933 aequora
1159 879 1364 922 flammae.

176 933 245 977 Sic
267 935 339 976 ubi
360 935 563 989 puniceos
585 935 764 976 rutilans
786 936 953 976 Aurora
974 935 1151 989 capillos

176 990 370 1032 Pectinat
389 994 488 1033 ante
510 991 622 1032 diem
644 1005 751 1045 quae
772 1005 871 1032 mox
891 990 1121 1045 perfundet
1140 990 1290 1032 Eoum.

173 1046 368 1088 Phoenix
389 1047 480 1088 sola
501 1060 636 1102 genus
657 1047 775 1088 senio
799 1047 955 1088 lassata
975 1049 1156 1100 uetusto,

92 1109 156 1140 105
175 1101 383 1144 Cinnama
400 1104 467 1144 cui
487 1103 639 1144 folium
657 1101 836 1144 nardum
857 1105 924 1143 tus
944 1102 1134 1143 balsama
1154 1116 1367 1143 amomum

173 1157 417 1200 Informant
434 1161 532 1212 post
547 1158 685 1199 saecla
700 1173 848 1212 pyram
870 1158 1069 1211 reditura,
1098 1158 1338 1212 sepulcrum

176 1213 434 1256 Conscendit
453 1214 619 1255 factura
639 1228 766 1269 rogos
788 1217 830 1255 et
850 1214 1046 1255 uerberat
1066 1213 1154 1255 alas

175 1269 237 1312 Ut
255 1270 445 1311 flammas
466 1269 671 1311 adsciscat
691 1270 803 1323 auis,
826 1270 885 1311 sic
905 1270 1095 1310 nascitur
1116 1270 1228 1324 ignis

175 1327 290 1367 Ante
310 1325 453 1367 alitem
475 1326 707 1367 ambrosios
728 1326 812 1366 iam
834 1328 1161 1379 consumpturus
1183 1324 1352 1367 odores:

92 1388 157 1420 110
174 1380 243 1424 Sic
262 1396 368 1435 puer
388 1381 545 1422 Idalius
567 1381 793 1436 spargebat
812 1381 1029 1435 plausibus
1051 1382 1182 1436 ignes.

176 1437 310 1478 Piscis
331 1452 431 1478 aues
452 1440 645 1478 armenta
665 1451 792 1491 pecus
813 1437 904 1478 fera
924 1439 1068 1491 pastor
1090 1436 1294 1478 anhelant

173 1493 458 1548 Flammigero
480 1496 679 1548 surgente
702 1492 792 1534 deo.
823 1493 941 1534 uolat
962 1492 1058 1534 inde
1079 1507 1155 1546 per
1175 1493 1320 1534 altum.

174 1549 264 1590 Iam
282 1549 454 1590 uolueer
470 1563 557 1590 non
576 1549 681 1590 udus
698 1552 798 1601 erat,
821 1563 1089 1603 quocumque
1106 1549 1366 1603 propinquat

173 1607 264 1646 Aut
284 1605 538 1658 ubicumque
559 1604 654 1657 fuit,
675 1605 832 1646 blando
854 1606 1022 1646 feruore
1044 1608 1223 1658 uaporat

89 1669 153 1700 115
170 1661 305 1709 Quem
325 1661 517 1714 sequitur
537 1660 722 1701 uernalis
744 1660 860 1713 odor,
883 1661 954 1701 uia
973 1660 1152 1713 pulchra
1172 1674 1364 1702 rosarum

172 1715 379 1757 Tenditur
399 1719 442 1758 et
461 1716 597 1757 uiolas
618 1716 826 1770 pallentes
847 1716 1026 1757 candida
1046 1716 1173 1770 peplo

172 1771 283 1813 Lilia
304 1771 545 1827 distingunt
565 1786 615 1813 ac
636 1772 765 1813 florea
785 1772 935 1813 semita
956 1772 1123 1825 crescit,

172 1827 426 1869 Persulcans
445 1842 522 1882 per
542 1828 669 1869 inane
690 1827 813 1881 polos
833 1828 964 1869 micat
984 1827 1124 1869 orbita
1144 1827 1310 1869 florum.

174 1883 324 1938 Cyp'ris
346 1882 581 1925 odoriferos
604 1884 737 1924 sensit
756 1883 942 1938 fraglare
963 1883 1151 1925 uolatus:

176 2032 219 2063 93
248 2029 507 2073 pendentibus]
542 2031 587 2069 ef.
621 2031 653 2062 d.
681 2031 713 2062 d.
746 2029 789 2061 ll
820 2032 841 2060 6
871 2029 1031 2071 pendula
1063 2030 1194 2062 sidera.
1245 2029 1365 2071 splen-

86 2074 256 2108 dentibus
281 2077 395 2108 inucile
465 2077 508 2108 98
533 2076 640 2107 niano
719 2076 783 2107 103
807 2075 980 2106 Pectniat
1000 2074 1005 2116 Ι
1029 2074 1225 2116 perfundat
1302 2076 1366 2107 105

87 2118 254 2152 Cmmma
285 2131 349 2152 uno
379 2121 500 2153 calami
528 2121 629 2152 ductu
651 2121 812 2160 scriptum
841 2124 875 2151 et
906 2121 992 2151 lectu
1021 2120 1193 2159 difficilius
1223 2121 1365 2162 ideoque

86 2165 181 2197 deest
205 2175 226 2207 y
309 2166 371 2197 106
397 2165 497 2198 secla
517 2164 523 2207 Ι
544 2163 774 2206 sepulchrum
861 2165 923 2196 108
949 2165 1110 2196 asciseat
1133 2165 1195 2196 sed
1218 2163 1239 2195 d
1265 2165 1366 2196 litera

86 2244 225 2319 appicta
250 2248 300 2275 est
394 2245 455 2277 109
480 2243 575 2275 Ante
609 2242 736 2275 alitem
767 2243 828 2275 uix
857 2252 971 2275 sanum
1076 2244 1139 2275 113
1170 2215 1353 2283 uolucrel}

86 2297 131 2320 uo
151 2297 255 2320 ucrer
278 2299 300 2330 γ
