1635 2522
265 54 321 98 80

657 244 901 287 Satisfactio
926 246 1158 288 Dracontii.

350 347 442 388 Rex
462 347 665 387 immense
687 346 788 387 deus
810 350 1059 388 cunctorum
1081 346 1277 388 conditor
1297 351 1339 390 et
1357 363 1473 403 spes,

409 401 544 450 Quem
563 403 687 444 timet
702 416 826 443 omne
849 402 1005 455 solum,
1029 403 1101 455 qui
1121 403 1234 457 regis
1254 403 1353 458 igne
1374 405 1540 459 polum,

351 457 497 500 Sidera
516 458 684 499 flamma
705 457 794 499 dies
816 472 941 511 quem
962 458 1025 498 sol
1046 472 1132 499 nox
1151 458 1253 499 luna
1273 460 1461 501 fatentur

407 515 660 566 Auctorem,
692 513 911 554 dominum
933 513 1098 554 saecula
1119 517 1270 555 cuncta
1290 516 1493 568 probant:

307 578 327 608 5
348 569 566 623 Principio
588 583 661 610 seu
681 570 766 610 fine
787 583 932 610 carens
955 572 997 610 et
1016 569 1220 623 temporis
1241 584 1390 624 expers

408 624 586 666 Nescius
608 625 760 666 alterni
780 638 858 666 nec
880 625 971 665 uice
992 625 1163 666 functus
1185 626 1295 680 agis,

352 680 507 722 Omnia
529 684 776 734 permutans
796 680 916 722 nullo
940 681 1156 722 mutabilis
1179 696 1283 722 aeuo

405 736 524 777 Idem
544 751 710 790 semper
731 737 812 777 eris
834 737 905 789 qui
928 750 970 777 es
992 736 1117 778 modo
1139 737 1207 778 uel
1229 737 1382 779 fueras.

349 791 426 834 Nil
447 791 565 833 addit
585 792 799 846 demitque
820 792 898 833 tibi
919 795 1006 833 tam
1028 792 1157 847 longa
1178 796 1387 847 uetustas,

287 857 329 888 10
406 847 561 889 Omnia
582 851 749 901 tempus
770 847 930 888 habent
938 880 949 900 ‚
970 862 1068 888 nam
1090 848 1168 889 tibi
1188 851 1355 902 tempus
1377 850 1505 893 abest.

352 903 434 952 Qui
454 907 618 945 mentes
638 904 860 944 hominum
882 918 965 957 qua
986 904 1050 944 uis
1071 918 1146 957 per
1167 904 1334 958 singula
1355 905 1472 947 ducis

408 959 466 1000 Et
486 974 740 1013 quocunque
761 959 881 1000 iubes
904 959 1051 1014 dirigis
1072 960 1265 1014 ingenia,

350 1016 432 1064 Qui
458 1015 564 1056 facis
586 1016 717 1056 iratus
738 1015 932 1056 homines
954 1017 1165 1056 contraria
1185 1015 1295 1057 uelle

407 1071 708 1125 Propitiusque
730 1071 849 1112 iubes
871 1074 918 1112 ut
939 1072 1051 1112 bona
1071 1075 1224 1113 cuncta
1244 1076 1408 1126 gerant.

286 1136 326 1167 15
349 1126 559 1181 Quicquid
597 1130 732 1182 agunt
771 1127 986 1180 homines,
1021 1127 1134 1168 bona
1169 1128 1307 1169 tristia
1341 1143 1545 1184 prospera

1207 1198 1358 1237 praua,

405 1238 500 1280 Hoc
520 1239 611 1280 fieri
632 1239 878 1280 ammittunt
898 1239 961 1279 ira
980 1238 1186 1293 fauorque
1209 1239 1297 1280 dei:

349 1294 444 1336 Hoc
464 1297 538 1335 tua
558 1295 687 1335 uerba
707 1295 890 1348 probant
910 1294 1057 1335 Mosco
1080 1294 1190 1335 dicta
1208 1295 1464 1350 prophetae,

408 1349 530 1398 Quod
552 1350 779 1391 duraturus
802 1364 874 1391 cor
894 1350 1130 1391 Pharaonis
1153 1364 1256 1392 eras.

350 1405 419 1448 Sic
439 1420 534 1446 mea
555 1406 682 1447 corda
702 1405 803 1447 deus
824 1408 972 1447 nostro
994 1409 1194 1460 peccante
1215 1409 1334 1448 reatu

285 1470 329 1502 20
407 1462 628 1516 Temporis
649 1461 864 1503 immodici
886 1462 1008 1515 pellit
1029 1461 1080 1502 ad
1105 1462 1273 1515 illicita,

137 1530 265 1567 roz.144¹·
350 1517 412 1559 Ut
432 1518 506 1572 qui
525 1518 637 1559 facta
658 1518 811 1559 ducum
831 1532 999 1571 possem
1019 1532 1189 1558 narrare
1211 1532 1422 1572 meorum,

408 1573 607 1615 Nominis
629 1573 840 1628 Asdingui
862 1574 973 1614 bella
995 1573 1326 1629 triumphigera,

350 1629 476 1671 Unde
497 1630 603 1670 mihi
624 1643 782 1670 merces
804 1633 947 1683 posset
968 1644 1063 1671 cum
1084 1629 1206 1670 laude
1228 1630 1374 1671 salutis

407 1685 584 1726 Munere
606 1686 824 1739 regnantis
845 1699 999 1740 magna
1021 1685 1166 1726 uenire
1189 1685 1335 1737 simul,

284 1750 328 1781 25
348 1741 543 1782 Praemia
564 1741 821 1795 despicerem
842 1741 982 1782 tacitis
1003 1744 1069 1782 tot
1089 1741 1259 1796 regibus
1281 1741 1422 1795 almis,

408 1796 468 1838 Ut
488 1800 673 1851 peterem
696 1797 836 1838 subito
858 1800 970 1838 certa
991 1797 1149 1851 pericla
1169 1797 1308 1838 miser.

353 1853 456 1901 Quis
476 1853 559 1894 nisi
583 1853 752 1894 caelesti
773 1852 944 1894 demens
966 1853 1208 1907 compulsus
1231 1853 1282 1894 ab
1304 1853 1368 1894 ira

408 1910 573 1963 Aspera
593 1912 745 1950 cuncta
765 1912 882 1963 petat
890 1942 900 1962 ,
922 1924 1126 1963 prospera
1147 1912 1298 1950 cuncta
1319 1909 1478 1965 neget?

356 2013 473 2053 incipi!
498 2013 624 2043 codicis
645 2012 806 2043 Uaticani
825 2012 886 2050 fol.
916 2014 1002 2042 143v
1024 2013 1095 2043 sine
1121 2013 1230 2044 indice
1325 2014 1339 2043 1
1367 2010 1411 2044 δε
1434 2011 1438 2051 Ι
1462 2022 1545 2044 con-

267 2055 382 2088 dictor
407 2067 497 2089 corr.
522 2059 691 2088 Areuolns
763 2059 802 2088 15
829 2056 1011 2098 Quidquid
1037 2058 1195 2088 Sir-monci
1219 2062 1252 2088 et
1276 2058 1443 2089 Areualus
1467 2067 1545 2089 con-

267 2101 366 2140 feras
397 2102 591 2132 quenalem
619 2101 635 2132 I
660 2104 702 2133 85
798 2102 837 2131 1ss
870 2101 1067 2133 admittunt
1098 2103 1265 2133 Arenalus
1292 2101 1296 2137 Ι
1324 2102 1429 2135 fabor
1452 2112 1545 2135 corr.

270 2147 440 2178 Areualus
532 2148 570 2177 21
601 2144 693 2187 qui]i
719 2147 750 2176 in
776 2156 898 2177 rasura
921 2148 1081 2186 ampliore
1174 2148 1216 2178 ‘25
1244 2147 1412 2179 Proemia
1503 2147 1546 2178 *26

269 2190 316 2222 Et
339 2192 403 2222 sed
427 2201 445 2222 e
477 2192 508 2222 ἰη
540 2202 662 2222 rasura
694 2192 893 2222 recentiore.
951 2192 1083 2223 uidelm·
1110 2192 1217 2231 fuisse
1247 2201 1269 2222 u
1362 2193 1405 2225 28
1435 2194 1548 2234 negat

270 2245 360 2267 corr.
390 2236 558 2267 Aremllus
