1635 2522
627 115 659 147 x
687 115 861 148 183-246
1328 114 1379 155 67

108 224 174 256 215
192 215 355 257 Reddat
375 217 417 256 et
437 214 616 269 incipias
636 214 791 255 iterum
811 226 887 254 ceu
908 215 1039 253 nauta
1061 212 1236 253 uenire.’

192 271 307 313 Dum
327 270 517 325 loquitur
536 270 738 324 pinnatus
761 270 912 322 Amor,
933 268 1019 308 iam
1040 268 1163 322 uirgo
1186 267 1354 309 leuabat

192 326 404 369 Destricto
426 340 628 368 mucrone
648 339 833 366 manum.
875 324 1068 378 captiuus
1087 323 1214 365 Iason

190 382 432 424 Exclamat:
463 384 680 435 ‘succurre
702 379 868 433 Uenus,
891 393 1084 421 succurre
1107 378 1283 433 Cupido.

190 438 282 480 Iam
302 438 451 491 ferior,
474 437 623 479 Medea
642 436 778 478 ferit.'
819 436 878 477 sic
898 436 1024 477 fatus.
1062 437 1106 476 at
1126 435 1196 476 ille

106 503 173 534 220
188 494 209 536 Ι
273 509 322 536 ea
342 493 504 535 sidereo
525 493 744 547 componit
764 492 925 546 spicula
946 505 1099 545 neruo,

238 550 309 591 isit
329 549 607 591 arundineum
628 563 704 602 per
723 548 917 589 flammea
937 561 1095 589 cornua
1116 547 1294 599 ferrum,

192 606 377 648 Stridula
397 605 482 646 tela
502 604 670 646 uolant:
703 604 876 658 rapiunt
901 602 1148 657 praecordia
1169 602 1378 656 flammas,

191 661 330 704 Corda
349 661 491 703 calent
511 660 706 714 oculique
728 660 892 713 labant,
915 659 1097 712 suspiria
1117 662 1339 712 rumpunt,

190 716 379 758 Marcida
399 716 622 757 funereum
643 716 803 756 laxauit
823 714 993 755 dextera
1018 714 1191 755 ferrum.

104 782 171 813 225
189 772 271 815 Sed
290 773 434 814 nutrix
454 772 607 813 mirata
627 785 767 813 moras
799 770 888 811 ‘dic
916 770 1038 824 uirgo
1057 769 1158 824 quid
1178 769 1377 810 hae1·es‘?'

188 829 387 883 Increpat
407 832 524 869 ‘ecce
545 827 637 868 feri.
674 827 804 868 fibrae
825 826 1045 880 rapiantur
1066 828 1108 866 et
1128 827 1245 878 exta,

191 884 443 927 Consultum
464 883 535 925 det
553 883 642 924 fata
662 883 788 924 iecur.
834 881 982 923 Medea
1003 881 1210 922 moraris?

191 940 446 982 Occidimus.
486 938 690 993 torpescit
710 939 823 979 iners
844 938 1036 979 antistita
1060 936 1253 978 Phoebes

188 996 405 1038 Permixto
426 995 587 1049 pallore
608 996 783 1048 rubens,
804 1008 894 1035 non
915 993 1077 1034 lumina
1097 993 1255 1043 uibrat,

104 1061 171 1092 230
186 1052 289 1094 Non
310 1052 415 1093 furit
434 1054 508 1092 aut
527 1050 698 1092 tremuli
715 1049 895 1091 strident
915 1049 960 1090 in
982 1062 1196 1089 murmure
1218 1049 1377 1090 dentes.

189 1108 276 1150 Cur
295 1106 508 1149 homicida
528 1120 652 1148 uacas
673 1109 715 1147 et
735 1108 819 1147 stas
841 1105 943 1146 rea‘?
980 1104 1053 1145 sed
1072 1119 1145 1145 rea
1163 1117 1253 1145 non
1275 1118 1317 1144 es

189 1163 234 1206 Si
254 1164 385 1205 fueris
407 1162 619 1204 homicida
638 1162 788 1217 magis.
829 1175 904 1203 cur
924 1160 1109 1214 explicat
1130 1163 1246 1200 artus

187 1221 278 1261 Aut
295 1219 437 1274 tangit
457 1233 531 1260 cur
551 1232 674 1272 saepe
697 1220 844 1271 caput,
867 1216 968 1271 quid
990 1216 1123 1270 spirat
1142 1215 1284 1256 hiatus

189 1275 286 1318 Oris
307 1280 349 1317 et
371 1275 423 1316 ad
443 1289 595 1316 zonam
616 1274 741 1329 digiti
762 1274 991 1314 mittuntur
1011 1271 1226 1313 inermes?

104 1339 169 1371 235
187 1335 255 1373 An
277 1345 427 1386 magus
449 1334 512 1372 est
531 1331 669 1384 pirata
688 1330 830 1371 iacens
853 1331 895 1370 et
915 1342 1033 1369 sacra
1053 1327 1218 1368 Dianae

188 1387 404 1428 Murmure
425 1386 607 1427 sollicito
628 1385 827 1440 prohibet
846 1384 1058 1437 soluitque
1079 1383 1339 1437 profanus?'

187 1443 364 1485 Dixerat
383 1445 426 1483 et
445 1441 633 1497 gladium
654 1441 823 1483 dextrae
844 1440 1073 1482 reuocabat
1093 1439 1219 1480 inerti

186 1499 323 1553 Impia
343 1499 480 1553 turpis
502 1512 619 1539 anus.
661 1512 804 1539 rursus
826 1496 1063 1539 conclamat
1082 1494 1228 1536 Iason:

187 1560 199 1577 ‘
212 1554 398 1597 Uictima
412 1569 517 1608 sum,
539 1568 680 1608 pereo,
701 1553 858 1609 iugulis
875 1552 983 1594 male
998 1565 1142 1593 mucro
1158 1551 1374 1592 minatur)

102 1619 168 1650 240
183 1611 392 1652 Pinnatus
413 1610 587 1651 subrisit
606 1611 741 1651 Amor
761 1623 988 1663 rursusque
1010 1609 1186 1663 sagittas

186 1667 292 1708 Iecit
313 1669 355 1708 et
375 1665 560 1707 ardentis
581 1666 779 1707 nutantia
799 1665 926 1707 corda
945 1664 1111 1719 fatigat.

185 1724 366 1764 Aestuat
385 1722 548 1763 interea
567 1722 696 1763 sacris
716 1722 897 1775 repetita
916 1720 1109 1762 sacerdos
1397 1741 1439 1771 [p.
1458 1738 1504 1770 35]

186 1779 206 1820 I
239 1778 378 1819 nibus.
420 1777 589 1818 effatur:
624 1781 734 1819 ‘non
756 1780 820 1818 est
839 1776 945 1818 haec
966 1776 1140 1818 uictima
1160 1776 1300 1831 digna.

230 1849 287 1876 on
306 1837 421 1875 torta
440 1833 603 1874 ceruice
624 1834 752 1887 iacet,
775 1833 883 1874 male
903 1832 1086 1886 palpitat
1107 1835 1243 1885 artus,

101 1898 166 1929 245
184 1889 326 1945 Erigit
346 1889 573 1942 impatiens
595 1893 637 1930 et
657 1889 822 1930 saucius
845 1891 943 1929 ante
965 1888 1175 1941 dolorem,

186 1945 403 2001 Sanguine
416 1945 604 1986 membra
617 1947 774 1986 carent.
803 1945 887 1985 iam
898 1957 987 1985 non
1004 1944 1085 1985 erit
1099 1943 1240 1985 hostia
1255 1946 1377 1998 grata

189 2072 255 2103 215
286 2069 421 2103 Reddet
457 2074 494 2102 et
528 2070 684 2112 incipies
719 2080 809 2102 corr.
841 2067 968 2101 Bacch.
1085 2069 1150 2099 226
1187 2068 1378 2109 rapiuntur

99 2126 190 2148 corr.
219 2114 346 2147 Buech.
372 2115 376 2155 Ι
408 2120 513 2159 exsta
611 2116 675 2146 227
707 2113 930 2146 Consultrun
962 2113 1166 2145 consultum
1192 2124 1212 2155 γ
1311 2112 1376 2143 228

99 2160 255 2201 tepescit
298 2160 451 2201 tepescit
475 2171 495 2202 y
521 2170 611 2192 cor-r.
640 2158 765 2192 Buech.
787 2159 792 2199 1
814 2158 910 2190 uiers
932 2155 938 2199 Ι
958 2157 1119 2190 Antistia
1211 2159 1276 2190 230
1308 2161 1376 2188 tre-

97 2204 206 2236 mulis
311 2206 375 2237 231
408 2204 468 2237 sed
502 2209 579 2236 stas
610 2215 700 2236 corr.
732 2204 858 2235 Buech.
973 2203 1038 2235 232
1069 2202 1177 2235 fueris
1207 2213 1298 2235 cor-r.
1332 2212 1377 2233 ex

100 2249 209 2326 guerit
299 2251 366 2283 ‘235
392 2249 514 2282 iacens
539 2260 630 2282 corr.
657 2260 703 2282 ex
727 2258 859 2281 nocens
955 2249 1019 2281 237
1045 2247 1151 2279 nierti
1243 2248 1307 2278 246
1333 2247 1375 2284 cs.

128 2300 208 2326 rest.
230 2295 296 2327 879

1062 2348 1106 2380 5.
