1635 2522
680 101 711 132 x
739 101 847 133 1--58
1350 100 1396 142 6]

217 201 285 244 Ad
306 216 381 243 sua
401 202 539 242 castra
557 201 720 254 petunt.
761 199 880 240 lauro
901 199 1116 241 succincta
1135 201 1284 253 poetae

216 257 404 312 Pegaseo
426 255 476 297 de
496 255 616 297 fonte
638 254 755 308 ueni,
777 269 861 308 quo
883 268 978 296 rore
999 253 1204 295 medullas

149 322 194 354 30
212 313 271 356 Et
290 326 438 361 sensus
458 311 633 353 infunde
654 324 782 352 meos.
825 324 898 351 cur
918 309 1072 364 hospes
1094 312 1259 351 amatur

220 367 301 418 Qui
321 367 568 409 mactandus
589 369 679 408 erat
699 366 767 407 uel
788 379 863 407 cur
882 369 1091 408 mactatur
1111 366 1304 407 amatus?

217 468 350 510 Diues
371 467 483 522 apud
505 467 688 509 Colchos
708 465 880 507 Phrixei
901 466 1071 507 uelleris
1092 480 1242 507 aurum
1422 467 1461 499 [¹¹-
1481 467 1526 499 78]

219 524 349 566 Pellis
371 526 462 565 erat
481 525 649 564 seruata
670 521 740 563 diu
762 521 934 563 custode
956 521 1150 563 dracone.

218 580 341 622 Hanc
361 581 536 633 propter
555 578 696 633 pelagi
717 580 946 619 temerator
965 577 1126 631 primus
1145 576 1272 618 Iason

153 644 197 676 35
218 635 407 678 Uenerat
426 637 474 676 ut
492 633 641 675 rutilas
661 633 913 674 subduceret
932 633 1080 674 arbore
1102 633 1232 674 lanas.

221 691 282 733 Ut
301 689 459 745 Scytha
480 689 701 743 conspexit-
721 688 893 729 Graiam
915 688 965 729 de
986 689 1129 730 littore
1150 688 1327 742 puppim

220 747 287 788 Ire
308 760 384 800 per
404 745 613 786 undosum
635 744 855 799 proscissis
876 744 1072 786 fiuctibus
1094 758 1265 798 aequor,

220 802 428 857 Expauit,
455 815 554 842 nam
582 803 771 841 monstra
803 803 945 853 putat:
983 800 1076 853 quis
1109 800 1297 840 crederet
1325 813 1414 840 um-

1107 870 1204 896 uam

221 913 302 955 Per
323 913 431 954 freta
450 927 526 966 per
546 912 714 954 rabidas
735 911 951 953 hominem
973 869 1152 952 transire
1174 910 1414 965 proeellas?

158 978 202 1009 40
222 969 435 1011 Barbarus
456 969 605 1023 ignaro
627 967 717 1023 regi
738 968 822 1008 iam
843 967 1019 1008 nuntius
1040 967 1129 1008 ibat

223 1024 338 1074 Quae
359 1039 473 1066 noua
492 1024 699 1078 perferret
720 1023 914 1078 pelagus,
936 1023 1009 1064 sed
1030 1022 1205 1064 callidus
1225 1022 1352 1063 heros

224 1080 348 1123 Solus
367 1080 494 1122 Iason
516 1080 653 1121 adhuc
674 1082 804 1120 uento
827 1081 1021 1119 currente
1043 1078 1188 1119 carina

222 1136 397 1178 Prosilit
417 1136 461 1177 in
483 1136 636 1177 fluctus
658 1139 699 1176 et
717 1135 862 1176 littora
882 1135 975 1175 uisa
995 1137 1143 1175 natatu

222 1191 264 1234 N
267 1192 418 1233 udatus
441 1205 516 1233 ceu
537 1195 668 1232 nauta
688 1191 806 1245 petit.
837 1190 909 1231 sed
931 1190 1101 1231 Colchis
1122 1190 1318 1231 alumnus

156 1257 200 1288 45
221 1247 409 1290 Nuntius
429 1247 501 1289 ille
523 1247 632 1289 redit
652 1260 794 1288 secum
816 1247 1045 1287 comitante
1067 1246 1243 1287 iuuenta

225 1303 285 1345 Ut
304 1307 479 1345 nossent
501 1304 602 1358 quid
621 1303 776 1357 puppis
798 1304 888 1343 erat
908 1301 1009 1356 quid
1038 1302 1132 1343 uela
1153 1302 1253 1355 quid
1279 1301 1417 1342 arbor.

226 1359 419 1400 Membra
438 1360 520 1400 uiri
542 1373 642 1400 mox
661 1358 776 1399 nuda
796 1358 944 1399 uident
963 1357 1169 1412 fugientis
1191 1357 1243 1398 ad
1272 1357 1419 1411 undas,

224 1415 358 1464 Quem
376 1415 566 1469 sequitur
582 1414 740 1455 directa
757 1428 906 1455 manus
917 1414 1174 1468 capiuntque
1191 1415 1421 1467 pauentem

223 1471 282 1512 Et
300 1471 496 1512 manibus
514 1473 610 1525 post
626 1474 746 1525 terga
767 1470 914 1524 ligant.
946 1472 1048 1510 tunc
1068 1469 1176 1510 Iuno
1193 1469 1420 1523 Cytheren,

161 1535 206 1566 50
226 1526 287 1569 Ut
307 1527 415 1568 uidit
437 1528 635 1568 iuuenem
656 1525 873 1579 Scythicas
894 1528 1051 1566 artasse
1073 1528 1244 1567 catenas

228 1583 286 1624 Et
307 1583 481 1636 pauidos
503 1583 663 1638 fugisse
684 1582 809 1623 simul
831 1596 925 1622 cum
947 1595 1087 1635 puppe
1110 1581 1286 1634 sodales,

228 1638 507 1692 Adloquitur:
531 1638 712 1680 ‘lasciua
734 1637 880 1679 Uenus
901 1637 1084 1678 iucunda
1105 1637 1297 1678 modesta

227 1693 394 1735 Blanda
414 1697 564 1748 potens
585 1693 699 1734 mitis
720 1693 901 1734 fecunda
922 1696 1120 1734 uenustas
1141 1693 1297 1733 amoris

227 1749 413 1791 Pulchra
434 1750 704 1804 uoluptatum
725 1749 918 1805 genetrix
941 1753 982 1789 et
1009 1763 1168 1789 numen
1190 1750 1421 1800 amantum,

163 1813 206 1845 55
227 1805 288 1847 Te
309 1805 454 1847 diuum
475 1806 622 1861 regina
643 1819 792 1859 precor
813 1807 1007 1846 matrona
1027 1804 1253 1846 Tonantis:

228 1861 309 1903 Est
326 1861 454 1903 nimis
476 1865 673 1915 acceptus
695 1861 861 1902 iuuenis
883 1860 988 1901 mihi
1008 1860 1185 1914 pulcher
1204 1859 1332 1901 Iason

232 1917 314 1965 Qui
331 1917 518 1972 gelidum
532 1916 745 1971 quondam
763 1930 926 1957 mecum
943 1918 1242 1957 transnauerat
1256 1915 1424 1968 Istrum,

230 1973 287 2015 Et
307 1987 419 2015 nunc
442 1973 590 2014 infelix
611 1972 796 2013 trahitur
818 1972 1012 2026 captiuus
1033 1972 1084 2012 ad
1105 1972 1245 2012 aulam

237 2145 279 2175 29
305 2142 469 2174 medulas
492 2144 556 2174 sed
579 2144 687 2174 altera
713 2143 720 2173 l
746 2153 853 2184 supra
879 2153 899 2173 a
924 2143 1053 2174 literam
1079 2143 1218 2182 appieta
1243 2146 1292 2174 esc
1384 2142 1426 2173 32

148 2187 306 2229 Phryxei
376 2190 418 2220 33
444 2187 505 2219 dui
588 2188 631 2219 39
657 2188 802 2220 tabidas
870 2189 914 2218 40
940 2187 1100 2224 nuntius]
1127 2186 1262 2218 Mutius
1281 2196 1301 2227 γ
1384 2186 1428 2216 44

145 2233 231 2273 sort.
262 2231 419 2265 Colchus
533 2233 575 2264 46
611 2236 735 2265 nosset
770 2243 859 2264 corr,
892 2231 1018 2263 Buecle.
1132 2232 1174 2262 49
1211 2230 1381 2262 citherem

148 2279 192 2310 53
217 2281 390 2310 uenustas
416 2277 548 2309 amoris
573 2282 765 2319 cor-ruptum
790 2277 923 2308 uidetur
