1635 2522
236 138 262 179 6
790 135 946 168 HYLAS

243 245 306 276 125
323 236 383 278 Ut
402 250 506 290 puer
526 238 589 277 est
608 235 736 287 uisus,
757 234 901 276 faciles
926 235 1054 275 risere
1073 233 1240 288 puellae

144 326 151 334 .
195 309 223 339 e]
325 292 382 333 Et
403 293 564 332 lautum
584 291 749 332 uenisse
770 293 934 344 putant.
975 289 1114 343 placet
1134 289 1332 331 omnibus
1354 288 1486 330 idem:

322 346 406 389 Uix
428 360 577 387 urnam
598 346 792 387 submisit
812 346 932 399 aquis
954 345 1228 399 dextramque
1247 344 1450 387 tetendit:

321 402 427 444 Cum
449 415 532 456 quo
562 415 605 442 se
625 400 850 455 Nymphae
870 401 1028 454 pariter
1053 415 1234 442 mersere
1261 401 1339 442 sub
1360 400 1509 442 undas.

319 457 507 511 Expauit
527 457 585 498 sic
606 459 752 510 raptus
774 456 877 497 Ylas
898 456 1159 510 pauidusque
1180 457 1352 510 petebat

241 522 304 552 130
319 512 508 553 Herbida
528 526 611 565 quo
632 513 814 553 uitreum
835 512 961 552 tellus
981 511 1226 565 perfuderat
1245 515 1428 554 antrum.

320 567 512 622 Deiopea
531 571 674 608 tamen
695 570 868 608 cunctas
889 567 1060 608 hortata
1079 581 1245 609 sorores

319 623 577 676 Adloquitur
597 637 794 676 puerum:
828 626 938 663 enon
957 625 1000 664 te
1022 623 1141 664 decet
1161 637 1235 664 ora
1254 623 1394 679 rigare

319 678 531 731 Fletibus,
554 679 662 719 alme
683 693 806 733 puer,
827 678 968 732 ploret
989 678 1188 720 deformis
1209 679 1372 734 imago,

319 733 420 775 Non
441 737 504 775 est-
525 734 623 775 fiere
644 737 787 786 tuum,
807 734 1012 775 mundum
1033 735 1111 775 tibi
1131 735 1275 776 nullus
1297 734 1465 776 ademit.

237 796 300 828 135
320 789 411 831 Nos
432 804 546 842 rosa,
568 804 646 832 nos
667 790 826 842 uiolae,
854 804 932 830 nos
953 790 1043 831 lilia
1062 790 1240 844 pulchra
1260 793 1487 844 coronant,

317 844 408 887 Nos
428 845 696 898 Hyacinthus
717 848 848 898 amat,
878 848 1022 886 noster
1041 845 1265 887 Narcissus
1287 847 1340 887 ab
1361 845 1507 888 undis:

316 900 568 956 Fontigenis
590 900 661 942 dat
681 903 791 942 serta
810 901 941 942 comis
961 901 1212 956 redimitque
1234 902 1410 956 capillos

319 954 533 1010 Quidquid
553 956 669 997 floris
691 956 776 997 olet
797 957 1002 1010 quidquid
1023 958 1126 998 dant
1145 961 1267 1012 prata
1287 958 1462 1000 ruboris.

317 1011 380 1052 Tu
402 1014 547 1053 noster
566 1012 652 1052 iam
673 1026 852 1066 sponsus
874 1013 956 1054 eris
977 1013 1067 1054 sine
1087 1013 1171 1054 fine
1193 1013 1394 1055 dierum.’

236 1073 299 1105 140
317 1067 397 1108 His
419 1067 541 1108 dictis
562 1071 748 1109 mentem
767 1069 889 1122 pueri
909 1069 1121 1110 mulcebat
1141 1069 1287 1111 amica.

315 1123 483 1164 Interea
503 1123 758 1165 furibundus
781 1124 918 1166 adhuc
938 1124 1187 1178 Tirynthius
1208 1125 1298 1166 ibat

314 1178 373 1219 Et
396 1179 581 1220 clamans
604 1180 832 1234 quaerebat
852 1179 986 1233 Ylan,
1009 1181 1077 1222 cui
1097 1181 1216 1222 littus
1237 1184 1279 1222 et
1298 1179 1412 1221 unda

316 1234 526 1275 Herculea
547 1249 642 1276 cum
667 1249 771 1276 uoce
793 1240 966 1287 sonant,
989 1239 1031 1277 et
1054 1251 1210 1278 nomen
1231 1237 1362 1278 amati

315 1289 486 1332 Montes
508 1291 615 1332 silua
636 1294 810 1344 uocant,
839 1295 1006 1333 tantum
1026 1293 1125 1334 fons
1148 1293 1220 1334 ille
1240 1292 1408 1334 tacebat

232 1352 295 1383 145
314 1345 367 1386 In
388 1360 472 1399 quo
493 1349 640 1400 raptus
662 1346 786 1388 Ylas:
818 1361 912 1388 cum
933 1348 1017 1388 iam
1037 1351 1245 1390 remearet
1266 1348 1318 1389 ad
1339 1351 1458 1389 astra

313 1400 418 1442 Post
437 1402 597 1442 factum
626 1403 828 1456 pinnatus
848 1404 983 1444 Amor
1011 1405 1219 1458 matrique
1240 1403 1507 1458 triumphum

315 1456 573 1511 Adportaret
595 1472 746 1501 ouans,
770 1472 917 1500 uocem
939 1459 1039 1500 deus
1059 1459 1255 1501 Herculis
1276 1459 1418 1501 hausit

313 1511 370 1553 Et
390 1513 574 1568 gemitus
596 1515 836 1567 quaerentis
858 1514 984 1555 Ylan.
1027 1516 1094 1556 cui
1115 1519 1233 1570 gesta
1253 1516 1431 1569 fatetur,

313 1568 476 1609 Alcidis
499 1570 695 1610 comitem
716 1570 850 1611 fontis
871 1571 1058 1625 rapuisse
1080 1572 1263 1625 puellas,

232 1631 296 1661 150
314 1623 490 1678 Ignibus
512 1625 658 1666 Idaliis
681 1629 826 1667 exutas
847 1626 1075 1668 Herculeas
1097 1641 1204 1681 spes.

316 1679 516 1735 Obriguit
537 1682 781 1736 gemuitque
803 1682 928 1723 simul
949 1683 1198 1737 clauumque
1219 1683 1402 1725 remisit:

316 1735 373 1776 <O
396 1736 554 1778 frustra
574 1738 734 1778 nutrite
756 1752 879 1791 puer,
906 1742 1118 1792 spectator
1138 1739 1295 1793 ubique

314 1790 496 1833 Uirtutis
517 1807 592 1846 per
612 1796 763 1834 cuncta
783 1808 914 1835 meae.
963 1798 1004 1836 te
1026 1797 1131 1836 teste
1153 1795 1311 1849 pericla

312 1845 446 1902 Saepe
467 1849 548 1889 tuli
571 1863 666 1890 cum
687 1850 824 1890 uictus
846 1865 964 1904 aper,
988 1865 1083 1892 cum
1105 1851 1240 1892 fracta
1260 1851 1396 1893 leonis

115 1911 164 1941 sp·
184 1910 212 1942 ἵ]
234 1909 295 1941 155
315 1902 436 1945 Colla
458 1903 657 1946 Cleonaei
678 1905 764 1946 telo
786 1910 985 1959 parcente
1006 1913 1233 1961 necantur,

318 2039 379 2069 1⁶2ss
405 2039 453 2070 Et
478 2040 615 2072 lentum
634 2043 848 2082 corruptelae
871 2044 996 2084 siynum
1022 2044 1240 2075 interiectum.
1266 2054 1359 2076 corr.
1377 2043 1503 2076 Rueck.
1550 2052 1566 2073 ⁷:

227 2082 260 2112 in
285 2085 432 2124 margine
458 2086 576 2117 literae
601 2087 851 2127 conspiciuntur
877 2087 929 2127 Cy
1000 2089 1063 2120 129
1089 2086 1258 2130 pauidus]
1284 2088 1389 2121 littus
1413 2089 1505 2122 coni·

227 2127 298 2157 cias
329 2129 394 2159 nisi
424 2139 541 2161 uersus
572 2141 654 2161 unas
689 2133 846 2170 pluresue
876 2133 1120 2164 interciderunt
1228 2134 1291 2166 136
1327 2133 1505 2176 Iacyntus

228 2171 291 2202 137
318 2172 522 2215 redigitque
595 2177 657 2207 138
683 2176 778 2207 floris
805 2176 896 2208 solet
919 2180 1135 2219 corruptelae
1160 2181 1240 2211 nota
1264 2180 1379 2211 uersui
1399 2188 1504 2220 prae-

226 2217 335 2247 missa.
385 2218 525 2250 ruboris
549 2221 717 2261 suppleuit
743 2221 868 2256 Bacch,
952 2224 1013 2254 141
1041 2222 1227 2262 Tyrintius
1304 2225 1367 2256 145
1392 2224 1507 2256 uer-wi

223 2262 386 2301 praefixa
410 2268 458 2294 est
485 2267 699 2305 corruptelae
727 2270 805 2298 nota
889 2268 952 2300 150
975 2266 1084 2308 Idalij
1112 2271 1259 2301 rexutas
1342 2269 1404 2302 151
1429 2267 1503 2300 ela-

227 2313 380 2347 uumquc
477 2310 539 2340 154
569 2309 662 2351 Scpe
758 2312 820 2343 155
847 2311 986 2344 cleonei
