1635 2522
182 877 224 909 [p.
234 875 278 906 61]

295 88 351 130 48
836 88 1036 120 HELENA

382 187 568 242 Imperio
590 186 794 249 compelle
815 189 910 240 tuo,
934 200 1208 240 properemus
1230 186 1282 228 ad
1303 201 1462 241 aequor

297 252 362 283 555
378 243 437 284 Et
455 246 579 284 uacet
599 257 757 284 auersls
778 220 1033 284 concurrens
1053 243 1178 283 turba
1197 243 1433 284 ministris?

380 299 438 340 Et
458 299 516 340 sic
536 299 626 339 fata
646 298 794 339 uolens
814 299 979 352 rapitur
999 312 1074 352 per
1095 298 1204 339 colla
1225 298 1418 352 tyranni,

380 355 471 396 Iam
492 354 650 395 Priami
672 368 767 394 cum
788 354 905 395 clade
926 369 1077 394 nurus:
1109 353 1167 394 sic
1188 356 1309 408 terga
1328 354 1499 396 iuuenci

380 410 598 463 Europam
619 424 795 463 rapuere
817 409 883 450 dei
905 424 999 450 cum
1020 409 1213 463 Iuppiter
1232 410 1322 463 ipse

381 466 544 506 Taurus
567 464 815 519 Olympiaca
834 465 1035 519 produxit
1055 479 1214 506 cornua
1233 465 1394 519 fronte,

299 530 365 561 560
381 521 630 562 Fulmineus
650 523 796 562 uector
816 521 1005 562 sobolem
1026 520 1332 562 famulantibus
1352 520 1477 562 undis

383 577 549 618 Gaudet
571 577 831 630 Agenoriam
852 577 1049 618 caelestia
1069 577 1178 618 colla
1199 580 1449 632 grauantem

384 632 491 674 Cum
513 632 660 674 Cadmi
681 635 889 687 cognatus
911 647 1040 687 aquas
1061 633 1171 673 freta
1191 647 1347 687 magna
1368 636 1542 675 secaret.

381 688 497 744 Ergo
520 688 593 729 ubi
614 689 811 742 peruenit
830 691 977 742 raptor
996 689 1190 729 turbatus
1211 688 1262 729 ad
1283 702 1443 742 aequor

381 744 440 787 Et
459 745 559 785 licet
579 744 808 785 exhaustus
829 759 953 785 cursu
974 744 1043 785 uel
1066 744 1252 797 pondere
1273 745 1427 797 lassus,

298 808 363 839 565
381 800 463 849 Qui
484 803 653 855 gratum
674 800 872 854 portabat
894 814 1020 853 onus,
1049 802 1192 841 tamen
1227 800 1318 853 ipse
1340 799 1576 842 Lacaenam

382 856 528 897 Litore
550 870 639 897 non
659 856 803 909 posuit
822 855 960 896 media
981 856 1053 896 sed
1074 870 1215 910 puppe
1236 856 1413 909 locauit,

382 911 549 953 Nautae
570 911 665 952 uela
685 911 830 952 leuant
851 914 893 952 et
912 912 1038 953 remis
1060 915 1196 952 castra
1216 914 1455 953 mouentur.

383 967 633 1009 Adueniunt
654 967 830 1008 collecta
851 982 1001 1008 manus
1026 969 1108 1009 iam
1131 967 1261 1009 classe
1282 970 1446 1009 remota

382 1024 440 1065 Et
460 1024 660 1078 quatiunt
681 1038 827 1064 omnes
847 1023 1031 1078 palmis
1021 1038 1066 1064 in
1086 1023 1210 1064 litore
1230 1023 1414 1076 frontes,

298 1088 364 1119 570
377 1079 505 1121 Nunc
526 1079 668 1134 galeas
689 1094 802 1120 nunc
823 1080 908 1120 tela
929 1080 1055 1120 simul
1075 1079 1329 1134 clypeosque
1350 1082 1549 1122 tonantes

382 1135 618 1177 Proiciunt.
657 1135 807 1176 uenit
796 1150 886 1189 ipse
907 1135 1059 1177 uolans
1080 1150 1156 1189 per
1175 1151 1274 1177 rura
1294 1136 1471 1177 maritus

385 1191 564 1233 Sudanti
585 1194 809 1245 peruectus
831 1205 959 1245 equo,
983 1206 1107 1245 quem
1129 1193 1305 1233 nuntius
1326 1192 1505 1233 horrens

381 1247 587 1302 Fregerat
608 1247 660 1288 ad
683 1247 870 1301 Cyprum
891 1249 1134 1288 uenientem
1155 1262 1274 1289 sacra
1294 1247 1444 1289 dicare.

382 1302 443 1344 Ut
463 1304 684 1357 conspexit
703 1318 848 1344 amens
870 1304 1023 1344 sulcari
1044 1304 1258 1357 puppibus
1279 1303 1413 1345 undas

298 1367 363 1398 575
381 1359 439 1400 Et
458 1359 669 1400 thalamos
691 1362 855 1414 gestare
877 1374 994 1413 SUOS,
1018 1359 1189 1400 collisus
1210 1360 1348 1401 arenis

381 1415 568 1470 Ingemit
589 1417 630 1456 et
650 1415 784 1456 flauos
806 1418 1030 1469 extorquet
1050 1415 1208 1456 uertice
1230 1416 1379 1457 crines.

380 1471 604 1525 Hyrcanae
626 1471 685 1511 sic
706 1485 829 1525 saepe
852 1471 992 1513 solent
1012 1486 1088 1525 per
1109 1471 1231 1512 deuia
1251 1472 1382 1527 tigres

380 1528 550 1568 Affectu
571 1527 818 1568 stimulante
840 1528 952 1581 rapi,
976 1542 1070 1568 cum
1091 1528 1275 1582 pignora
1295 1530 1430 1569 mater

381 1583 527 1624 Perdit
548 1585 590 1624 et
610 1583 726 1624 elusa
744 1583 892 1624 feritas
912 1584 1069 1637 pietate
1090 1584 1263 1625 nocenti

297 1647 363 1678 580
379 1638 583 1693 Raptoris
605 1642 790 1679 sectatur
811 1640 891 1680 iter
902 1673 912 1692 7
945 1640 1126 1693 uestigia
1147 1640 1295 1681 sollers

380 1695 626 1748 Insequitur
646 1694 872 1748 praedonis
895 1695 992 1749 equi
1014 1696 1188 1736 sessoris
1210 1695 1370 1748 anheli,

381 1752 463 1792 Ast
483 1751 556 1791 ubi
577 1754 703 1792 torua
723 1765 875 1804 parens
896 1753 1111 1792 transacto
1134 1751 1309 1792 flumine
1330 1754 1455 1793 natos

383 1805 554 1848 Seoerni
577 1807 797 1860 conspexit
819 1808 958 1861 aquis,
980 1807 1090 1848 redit
1107 1808 1210 1848 orba
1231 1808 1376 1849 dolore

390 1955 454 1986 551
481 1964 714 1996 properamus
740 1964 830 1986 corr.
858 1955 929 1986 lM
1001 1956 1065 1987 555
1092 1956 1136 1986 Et
1162 1960 1295 1986 uacate
1321 1955 1429 1987 iussis
1454 1954 1582 1987 Buech.

298 2009 338 2029 m.
366 1999 415 2030 rh.
441 2000 621 2040 proposuit
645 2003 680 2030 ct
705 2004 815 2031 uacat
847 2000 986 2031 :mersis
1079 2001 1143 2031 556
1170 2000 1310 2039 ῖ)·1·1“11111
1409 2001 1471 2032 561
1500 2010 1581 2041 gra—

297 2046 444 2075 uentem
473 2053 628 2084 grauare
648 2044 716 2075 [Μ
797 2045 862 2077 563
885 2046 1062 2085 pei-uomit
1081 2056 1172 2076 corr.
1194 2044 1260 2075 IM
1279 2044 1284 2084 Ι
1306 2044 1472 2076 turbatur
1489 2054 1579 2077 corr.

297 2087 368 2119 JM
450 2090 514 2121 570
541 2089 702 2120 tonantis
728 2093 900 2121 sonantes
927 2090 994 2120 IJJ
1087 2091 1149 2121 571
1179 2088 1344 2124 I'uoiciiit
1377 2093 1465 2121 tunc
1489 2099 1580 2121 corr.

298 2132 371 2163 JM
468 2135 532 2165 572
565 2138 760 2174 prouectus
794 2134 917 2166 Bacch.
949 2146 988 2165 m.
1021 2134 1071 2165 rh.
1172 2136 1235 2166 571
1269 2136 1419 2166 amans?
1515 2135 1581 2166 575

297 2177 447 2210 harenis
547 2180 610 2210 577
642 2179 794 2220 Ilm->ano
821 2191 911 2211 corr.
939 2179 1032 2216 JJII
1054 2184 1179 2220 tygres
1278 2180 1342 2211 578
1368 2178 1580 2211 stimulante

297 2232 389 2256 corr.
416 2234 461 2254 cuv
488 2223 689 2254 stimulanti
768 2226 828 2255 581
860 2225 994 2256 sessori
1019 2235 1108 2255 corr.
1138 2224 1206 2256 IM
1283 2225 1346 2255 582
1374 2228 1582 2257 transactos

297 2267 431 2299 lumine
542 2270 606 2300 583
638 2269 717 2310 quis
749 2271 852 2309 equis
879 2270 945 2301 lJ!
971 2272 1082 2310 inepte
