1635 2522
314 149 370 190 20
771 149 1149 183 CONTROUERSIA

399 248 612 289 Fortunae
635 262 887 302 quocunque
907 248 1035 302 bono,
1056 248 1237 303 largitur
1256 248 1454 303 honores,

398 304 582 345 Diuitias
604 303 781 356 confert,
802 304 952 344 tribuit
972 318 1046 357 per
1066 304 1177 344 bella
1196 304 1448 358 triumphos.

399 359 458 400 Et
477 374 553 413 pro
576 361 642 400 tot
661 359 823 400 meritis
845 359 976 400 instas
999 359 1147 400 orbare
1167 362 1387 413 parentem

399 415 586 470 Pignore
607 429 804 468 percusso
828 415 895 455 cui
915 415 977 455 nil
997 414 1173 455 fortuna
1192 416 1403 457 bonorum

316 480 380 510 305
404 470 596 512 Contulit
617 470 775 511 iniusto
797 485 980 523 pensans
1001 469 1290 512 moderamine
1310 471 1476 512 fatum?

400 525 443 567 Si
466 526 573 566 ratio
594 528 636 566 te
656 526 775 566 nulla
795 528 950 578 mouet,
974 525 1009 566 si
1030 528 1170 566 mente
1192 529 1367 567 cruenta

196 594 236 627 [p.
256 593 299 626 21]
398 581 598 622 Humana
619 582 775 635 pietate
798 595 925 634 careS,
946 581 1111 622 imitare
1131 581 1276 622 leones

400 636 513 685 Quos
534 637 680 678 feritas
702 651 909 691 generosa
929 637 1067 678 iuuat:
1090 637 1271 692 superba
1290 638 1529 678 temnentes

397 693 601 747 Ingruere
622 692 901 746 fremitusque
923 692 1019 733 dare
1040 693 1189 747 procul
1211 707 1282 734 ore
1305 695 1480 734 cruento

314 757 380 787 310
400 749 569 790 Nobilis
590 748 653 789 ira
674 748 793 801 solet,
816 748 1015 789 subiectis
1035 762 1207 802 parcere
1228 748 1416 802 gaudent

400 804 456 845 Et
477 804 675 857 praedam
696 804 833 845 rabies
855 805 1111 858 contempsit
1130 804 1249 845 fulua
1271 805 1490 846 iacentem.

399 860 602 901 Gramina
623 874 711 900 non
726 862 923 914 tangunt,
938 860 1097 900 feriunt
1114 859 1186 900 sed
1202 860 1383 901 fulmina
1400 873 1590 913 quercus.

398 915 630 969 Nunquam
652 918 798 956 taurus
819 916 931 956 iners
952 916 1062 956 lassa
1083 916 1245 957 ceruice
1267 915 1454 956 Tonanti

399 970 585 1012 Uictima
605 972 717 1011 fessa
738 971 879 1023 datur,
902 971 973 1012 sed
994 971 1076 1012 iam
1099 971 1191 1025 quis
1213 970 1392 1026 grandia
1412 973 1594 1026 surgunt

315 1035 378 1066 315
399 1027 600 1081 Ingentes
622 1041 697 1080 per
718 1027 828 1067 colla
847 1027 943 1080 tori7
967 1042 1072 1081 quos
1093 1027 1234 1068 fronte
1257 1027 1438 1081 superba
1499 1041 1505 1043 ·

398 1083 559 1123 Pascua
581 1082 826 1137 cornigeros
847 1086 1014 1124 armant
1033 1083 1079 1123 in
1099 1083 1210 1124 bella
1230 1083 1445 1124 iuuencos.

398 1138 550 1179 Hostia
571 1139 777 1179 uictorem
798 1138 987 1179 funestat
1006 1138 1207 1193 languida
1228 1153 1391 1193 pauper

398 1194 442 1236 Si
464 1197 670 1235 mactatus
693 1194 784 1246 erit,
807 1194 878 1235 sed
899 1194 985 1235 sint
1005 1198 1078 1235 tua
1100 1209 1217 1235 sacra
1239 1209 1434 1247 coronae,

398 1250 493 1291 Sint
513 1250 692 1291 hederae
713 1250 824 1290 lauri
845 1264 1023 1303 quercus
1045 1253 1086 1291 et
1105 1250 1248 1304 palma
1267 1250 1491 1304 triumphi,

313 1315 379 1345 320
401 1306 496 1348 Sint
517 1306 642 1359 clipei
664 1306 810 1361 galeae
832 1309 982 1347 contus
1005 1307 1136 1347 lorica
1156 1306 1423 1360 trophaeum.

396 1362 555 1415 Accipe
577 1365 672 1403 tura
692 1364 844 1415 potens
866 1362 968 1403 deus
988 1365 1036 1403 ut
1055 1361 1306 1415 Tirynthius
1326 1362 1409 1403 aris

397 1418 454 1458 Et
475 1417 613 1458 Ledae
636 1420 783 1471 partus
804 1431 984 1472 magnus
1006 1432 1101 1458 cum
1123 1418 1297 1459 Castore
1318 1417 1473 1459 Pollux

399 1473 580 1514 Semidei
601 1476 699 1527 post
718 1473 806 1514 fata
827 1473 994 1528 uigent:
1017 1473 1083 1514 his
1105 1476 1280 1527 quartus
1300 1472 1444 1515 adesto

398 1529 581 1570 Uirtutis
602 1530 767 1570 ratione
788 1529 868 1569 fide
889 1529 1047 1583 pietate
1069 1529 1216 1584 uigore

314 1594 378 1625 325
399 1585 648 1626 Possessure
669 1585 804 1639 poIOS‚
826 1585 1032 1626 scandens
1054 1600 1137 1639 qua
1156 1585 1315 1627 lacteus
1336 1585 1426 1626 axis

399 1640 607 1694 Uertitur,
630 1641 808 1682 aetherii
830 1656 913 1695 qua
934 1656 976 1682 se
999 1641 1070 1682 dat
1091 1641 1273 1683 circulus
1295 1641 1409 1683 orbis

397 1697 663 1751 Lunarisque
684 1697 838 1751 globus
860 1712 943 1751 qua
965 1697 1155 1739 uoluitur
1176 1712 1251 1738 axe
1272 1697 1436 1751 tepenti

396 1755 485 1794 Aut
508 1756 619 1794 certe
641 1767 724 1806 qua
744 1752 943 1794 Phoebus
965 1753 1054 1808 agit
1074 1767 1200 1807 super
1221 1757 1334 1794 astra
1354 1753 1530 1808 iugales,

398 1807 542 1851 Sidera
566 1809 624 1850 sic
647 1809 800 1863 capies,
823 1809 982 1862 poteris
1004 1809 1063 1850 sic
1085 1812 1199 1850 astra
1219 1809 1402 1851 mereri,⁹

403 1925 468 1954 304
493 1922 582 1953 nihil
674 1923 739 1954 305
765 1932 918 1954 censens
947 1933 1036 1955 corr.
1062 1923 1189 1956 Bueclz.
1284 1923 1348 1955 306
1376 1922 1478 1955 fouet
1500 1932 1592 1955 corr.

312 1968 439 1999 Bueelc.
547 1969 612 2001 308
649 1969 762 1999 ner-sui
796 1968 955 2007 praefira
991 1973 1042 1999 est
1077 1968 1292 2008 corruptelae
1331 1973 1420 2000 nola.
1469 1963 1590 2010 iuuat]

313 2013 441 2044 Bzzeclz.
480 2014 582 2043 uoluit
619 2012 721 2043 iubet
761 2012 975 2054 sequentibus
1010 2013 1203 2044 subiunctis.
1250 2012 1376 2046 Bacch.
1415 2013 1594 2053 proposuit

313 2067 423 2099 super
447 2067 547 2088 arma
577 2061 746 2089 tenentes
839 2058 903 2088 315
930 2057 1008 2097 quis
1033 2068 1122 2089 corr.
1144 2056 1271 2088 Buech.
1385 2058 1451 2089 316
1477 2058 1595 2089 armat

313 2104 527 2142 corruptelae
575 2107 655 2133 nola
700 2103 812 2133 nersm'
848 2103 1009 2142 praelioea
1048 2107 1099 2133 est
1213 2102 1278 2134 317
1318 2101 1460 2134 funesta
1500 2111 1592 2134 corr.

314 2147 442 2180 Bueclz.
559 2148 623 2179 318
670 2157 824 2178 coronae
871 2156 960 2178 corr.
1005 2157 1051 2178 ea·
1098 2157 1254 2178 cornuae
1370 2148 1432 2179 321
1474 2146 1592 2178 Tirin-

313 2191 411 2223 thius
503 2193 567 2222 322
594 2192 641 2222 Εἰ
672 2188 814 2232 Ledae]
844 2191 934 2223 Tedi
965 2202 1056 2223 corr.
1084 2192 1208 2223 Buecle.
1236 2194 1350 2223 uersus
1379 2194 1593 2233 corruptelae

314 2241 393 2268 nota
417 2238 577 2277 pracfioea
602 2241 650 2268 est
722 2238 786 2268 323
813 2237 958 2277 quintus
982 2239 1196 2277 corruptelae
1213 2238 1307 2278 siyno
1334 2241 1479 2268 notatum
1503 2246 1594 2271 corr.

313 2280 440 2312 Bueclz.
517 2282 582 2312 326
607 2281 712 2313 sedat
737 2283 830 2312 malis
856 2281 972 2313 tendit
998 2283 1051 2313 uel
1073 2283 1178 2314 simile
1203 2283 1284 2323 quiri
1374 2282 1440 2314 328
1465 2290 1559 2323 quae

313 2327 378 2358 329
404 2327 560 2368 posteris
586 2327 638 2358 sic
663 2331 785 2358 castra
