1635 2522
30 1224 46 1238 φ
34 1165 42 1188 -,
25 1067 44 1149 Ν-Υμ
37 1027 42 1038 ,.
31 969 50 978 y

127 406 163 450 Ι.
199 405 414 449 Praefatio
434 404 654 446 Dracontii
673 403 873 458 discipuli
893 403 946 445 ad
965 404 1283 457 grammaticum
1303 402 1407 445 Feli·
1427 415 1466 446 [p-
1487 416 1513 447 ι]

128 465 306 513 cinnum,
326 464 400 506 ubi
419 463 535 506 dicta
547 464 624 511 est,
645 464 776 505 metro
796 461 1012 505 trochaico
1027 474 1118 505 omn
1131 461 1278 504 fabula
1290 461 1406 504 Ylae.

217 566 435 620 Orpheum
455 567 596 605 uatem
618 568 821 606 enarrant
840 567 887 605 ut
906 564 1097 618 priorum
1117 563 1283 605 litterae

217 621 455 664 Cantitasse
477 619 598 661 dulce
620 634 790 661 carmen
811 634 915 661 uoce
935 634 1068 661 neruo
1090 620 1257 673 pectine

214 677 334 719 Inter
353 691 482 718 ornos
502 680 678 730 propter
698 690 842 716 amnes
863 679 990 731 atque.
1011 678 1178 716 montes
1195 674 1378 729 algidos,

218 731 354 781 Quem
374 733 587 786 benignus
608 745 710 787 grex
731 734 898 772 secutus
919 746 1014 773 cum
1037 734 1212 772 cruenta
1233 730 1368 771 bestia

172 797 194 828 5
214 788 405 830 Audiens
425 788 558 829 melos
580 787 777 841 stupebat
792 788 1044 829 concinente
1064 786 1237 840 pollice:

214 844 337 886 Tunc
357 844 468 885 feras
489 843 662 897 reliquit
682 843 764 896 ira,
787 846 889 884 tunc
910 857 1046 898 pauor
1066 841 1331 896 perterritas,

216 900 354 942 Lenta
373 900 516 955 tigris,
539 913 688 940 ceruus
709 899 866 952 audax,
888 899 1003 941 mitis
1025 912 1146 939 ursus
1167 897 1323 949 adfuit,

215 955 317 998 Non
337 955 486 1010 lupum
506 955 686 996 timebat
706 968 838 1009 agna,
860 969 950 996 non
971 955 1138 995 leonem
1160 967 1331 1007 capreas.

214 1011 317 1053 Non
338 1011 458 1065 lepus
475 1011 561 1051 iam
582 1010 738 1064 praeda
760 1024 886 1052 saeuo
907 1014 1010 1052 tunc
1032 1009 1217 1050 molosso
1239 1009 1408 1063 iugiter.

152 1076 194 1107 10
213 1069 319 1109 Arte
340 1067 433 1120 sed,
454 1069 609 1108 natura
627 1080 768 1107 rerum
791 1067 884 1120 quis
908 1068 1038 1121 negat
1058 1064 1347 1117 concordiam,

213 1122 306 1165 Hos
328 1123 471 1176 chelys
491 1122 640 1163 Musea
659 1125 774 1163 totos
792 1122 1071 1176 Orpheusque
1092 1121 1274 1161 miscuit.

216 1178 370 1221 Sancte
390 1181 512 1233 pater
532 1193 556 1219 o
578 1178 801 1232 magister,
823 1178 967 1219 taliter
987 1175 1201 1219 canendus
1223 1190 1286 1227 OS,-

216 1234 298 1283 Qui
318 1234 488 1290 fugatas
510 1233 738 1274 Africanae
759 1233 897 1274 reddis
918 1234 1014 1274 urbi
1035 1233 1219 1285 litteras,

216 1290 416 1332 Barbaris
439 1291 511 1344 qui
532 1289 781 1331 Romulidas
802 1290 944 1344 iungis
966 1288 1197 1340 auditorio,

151 1355 193 1386 15
215 1346 344 1389 Cuius
366 1345 534 1388 ordines
555 1345 748 1400 profecto
773 1360 938 1399 semper
959 1344 1315 1398 obstupescinmS,

216 1401 332 1451 Quos
353 1402 467 1456 capit
486 1401 663 1442 dulcedo
685 1401 836 1454 uestri,
859 1402 1007 1442 doctor
1015 1434 1026 1454 ⁷
1050 1400 1135 1441 oris
1155 1399 1351 1440 maxima.

214 1457 374 1500 Nostra
395 1461 497 1499 uota
516 1460 559 1498 te
580 1471 802 1511 precamur
822 1460 869 1498 ut
890 1456 1111 1508 secundes,
1135 1455 1314 1509 optime,

214 1516 330 1555 Ante
353 1516 506 1555 cuncta
525 1527 614 1554 non
634 1526 832 1554 recusans
853 1512 959 1553 illud
979 1513 1068 1566 ipse
1090 1510 1273 1566 pendere

215 1569 317 1612 Non
338 1573 412 1611 tua
432 1569 592 1610 uirtute
613 1568 758 1609 laudes
778 1572 921 1610 mente
943 1568 1015 1609 sed
1043 1582 1126 1622 qua
1147 1567 1383 1608 concinam.

150 1634 194 1665 20
213 1624 305 1667 Nos
326 1625 425 1666 licet
445 1625 555 1666 nihil
575 1625 787 1677 ualemus,
817 1639 908 1666 mos
929 1627 1073 1665 tamen
1103 1622 1311 1679 gerendus
1333 1625 1407 1663 est.

214 1681 332 1737 Ergo
355 1680 621 1736 deprecantis
643 1694 718 1721 oro
741 1681 864 1735 cinge
885 1680 1005 1721 lauro
1028 1683 1233 1733 tempora.

220 1784 472 1825 Inscriptiones
497 1783 613 1825 quibus
637 1784 766 1814 numeri
789 1793 918 1825 quoque
940 1783 1134 1823 praepositi
1155 1787 1232 1813 sunt
1256 1782 1325 1811 alia
1343 1791 1411 1811 ma-

132 1838 210 1866 nus,
241 1830 356 1861 eodem
384 1829 460 1867 fere
492 1838 556 1868 quo
592 1827 678 1859 liber
712 1829 859 1868 scriptus
896 1833 945 1859 est
978 1833 1143 1868 tempore,
1179 1827 1283 1866 manis
1314 1827 1410 1865 niyro

133 1877 321 1906 atramento
351 1874 495 1905 addidit.
612 1874 628 1903 1
663 1882 746 1904 ecce
780 1875 956 1903 enarrant
992 1875 1046 1903 tot
1077 1871 1202 1903 Buech.
1232 1871 1412 1911 proposuit

131 1919 153 1950 4
169 1926 252 1949 rex:
276 1918 390 1949 eadem
409 1929 474 1959 qua
489 1918 728 1958 inscriptiones
745 1918 884 1948 additae
899 1921 976 1948 sunt
992 1926 1087 1947 manu
1105 1917 1138 1947 in
1154 1916 1304 1955 margine
1317 1914 1412 1945 uides

131 1962 325 1994 adnotatum
356 1972 444 2003 grex
475 1967 507 1993 et
538 1962 668 1993 lineolis
698 1972 768 1992 cum
795 1965 893 1993 textu
923 1962 1130 1993 coniunctum
1221 1961 1241 1991 5
1267 1958 1411 1990 concin-

131 2010 242 2038 nente
335 2009 354 2039 6
382 2007 418 2037 in
443 2007 526 2045 mei,
552 2006 697 2038 Territa
720 2007 935 2047 corruptetae
957 2008 1053 2046 siyno
1077 2005 1114 2035 in
1136 2008 1169 2036 et
1186 2003 1328 2035 Territa
1352 2013 1413 2035 no-

133 2056 206 2083 tata
228 2056 318 2084 sunt.
368 2051 584 2093 perterritas
611 2052 771 2092 temptaui
796 2051 910 2082 sensui
933 2052 1035 2090 maqis
1060 2060 1156 2091 quam
1180 2049 1258 2079 libri
1280 2048 1414 2080 indiciis

131 2097 373 2136 satisfacturus
456 2097 473 2126 7
500 2097 641 2127 Lentas
733 2095 753 2127 8
777 2095 822 2135 cf.
848 2095 975 2128 Horat.
1002 2095 1101 2136 epod.
1130 2093 1211 2125 XII
1233 2095 1278 2123 26
1371 2093 1413 2123 10

132 2151 235 2184 Artis
266 2161 309 2184 ex
340 2163 431 2185 corr.
456 2151 583 2184 Buech.
680 2152 717 2182 11
752 2150 841 2192 celis
866 2154 1009 2192 mus-eta
1034 2160 1124 2182 corr.
1149 2148 1277 2180 Buech.
1372 2148 1412 2178 12

133 2199 240 2238 pater
268 2194 305 2239 o]
340 2196 483 2239 patriae
514 2197 690 2237 temptauit
720 2195 837 2227 Buech
863 2195 869 2236 Ι
897 2195 1005 2227 aliter
1035 2205 1124 2227 corr.
1153 2193 1277 2225 Buech.
1370 2193 1412 2224 18

135 2241 257 2273 Antea
327 2243 368 2274 19
394 2246 457 2273 tua
476 2241 606 2283 quirite
624 2251 714 2273 corr.
730 2239 857 2274 Buech.
928 2242 971 2272 ·20
990 2250 1070 2272 mox
1094 2243 1214 2270 tamen
1233 2236 1413 2280 genendus

135 2288 193 2318 est
215 2288 430 2328 corruptelae
454 2290 549 2328 siquo
575 2285 763 2328 genendus
788 2289 945 2318 notatum.
995 2295 1083 2317 corr.
1109 2283 1237 2315 Bacch.

199 2345 377 2372 namon-m
395 2347 542 2373 carmina.
1124 2343 1138 2370 1
