1635 2522
602 126 691 158 VIII
714 127 780 158 42ss
787 126 892 158 -489
1334 123 1390 164 45

200 227 314 277 Quas
335 240 461 281 super
481 225 682 280 accipiter
701 224 887 266 uolitans
913 223 1056 279 grauis
1077 222 1271 264 imminet
1291 222 1389 264 ales.

199 282 319 325 Tunc
339 282 487 324 sollers
508 295 645 337 augur
665 284 804 322 cretus
825 280 874 321 de
895 282 1022 335 gente
1044 278 1245 332 Melampi

112 347 184 380 460
202 338 336 387 Quem
356 339 446 379 fors
467 337 520 379 ad
540 337 727 391 Cyprum
747 335 918 377 dederat
938 349 1014 389 per
1033 335 1142 376 festa
1162 333 1345 386 dierum,

199 393 258 436 Et.
277 394 336 436 sic
359 409 478 435 orsus
499 394 558 435 ait
577 407 858 447 prorumpens
880 405 983 433 uoce
1004 392 1165 446 sagaci:

200 450 284 492 ‘Te
305 450 493 492 oblatiua
513 451 664 503 petunt
683 449 827 490 auium
847 462 1051 502 responsa
1071 446 1314 488 uolantum:

203 505 444 549 Conubium
465 505 678 560 spondent
696 503 969 559 praefulgens
991 518 1062 544 ore
1084 503 1235 544 decoro

198 561 357 604 Idaliae
377 561 592 613 uolucres,
618 560 667 602 de
688 563 814 616 gente
835 560 1042 601 Tonantis
1065 559 1202 601 olores

116 626 183 658 465
200 617 462 660 Ptomittunt
481 617 688 672 genitam,
711 616 783 657 sed
804 616 959 657 miluus
980 615 1153 656 horrida
1173 615 1272 655 fata.

199 672 312 715 Ditis
333 673 446 714 enim
469 674 661 728 signatur
680 673 790 725 auis,
813 672 913 713 licet
932 671 1038 712 hora
1057 673 1229 725 peracta

201 728 347 770 Tertia
367 729 524 783 quippe
545 729 658 769 sinat
677 728 851 770 Phoebo
873 727 1079 769 candente
1100 726 1317 768 uolucrem

200 783 316 827 Uera
334 799 411 839 per
431 785 683 826 immensum
704 784 925 839 praesagia
943 784 1053 824 ferre
1075 796 1283 837 rapacem.

199 840 380 882 Martius
401 839 602 894 accipiter
622 840 763 882 dotem
784 840 874 881 fera
895 839 1006 880 bella
1026 839 1252 880 minatur'.

14 892 40 925 's
99 903 184 946 '470
200 896 320 938 Tunc
341 895 461 937 Paris
482 897 533 937 ad
552 896 713 937 caelum
734 895 911 937 tendens
935 910 1028 937 cum
1051 895 1211 936 lumine
1231 894 1393 948 palmas

199 951 389 994 Numina
409 966 564 1008 magna
582 955 707 993 uocat
727 966 905 1006 puerum
922 954 1185 1005 matremque
1201 949 1393 992 Dionen:

202 1010 368 1049 ‘Aurea
388 1008 539 1049 siderei
560 1008 701 1062 proles
723 1007 868 1050 Uenus
889 1008 1001 1049 alma
1022 1006 1230 1049 Tonantis

203 1063 394 1105 Numina
414 1064 530 1105 mille
551 1068 722 1117 tenens,
744 1068 854 1105 artes
876 1064 942 1105 cui
963 1063 1079 1104 mille
1100 1062 1273 1104 fauendi

203 1119 289 1161 Dat
310 1124 429 1174 pater
449 1124 491 1161 et
511 1123 637 1161 natus
657 1120 827 1174 supplet
848 1120 993 1173 simul,
1016 1119 1160 1161 omina
1180 1119 1302 1159 firma

113 1183 181 1215 475
199 1174 316 1224 Quae
337 1190 492 1230 cycnus
513 1177 719 1232 genitoris
741 1177 849 1231 agit,
871 1190 977 1230 quae
999 1178 1140 1217 uestra
1160 1174 1356 1216 columba
1401 1185 1440 1217 [1³-
1459 1183 1504 1213 57]

201 1230 406 1273 Prodidit.
449 1232 659 1274 infaustos
681 1247 787 1286 opus
811 1236 875 1273 est
895 1232 1092 1273 cohibere
1113 1231 1301 1283 uolatus,

201 1287 351 1329 Martis
372 1292 415 1329 et
435 1288 592 1329 inferni
614 1288 809 1330 uolucres
830 1288 1014 1342 raptoris
1036 1288 1223 1329 obuncas

200 1345 353 1398 Augur
373 1359 626 1386 auerrunces
647 1345 775 1386 sacris
786 1378 795 1397 ,
819 1345 971 1398 quibus
992 1344 1173 1397 imperat
1194 1345 1342 1384 auctor

202 1399 355 1441 Troius
376 1400 446 1441 ille
467 1415 574 1454 puer
594 1400 860 1454 Ganymedes
881 1400 1076 1441 conditor
1097 1399 1199 1440 artis

114 1462 183 1494 480
200 1455 258 1496 Et
277 1455 419 1497 Polles
440 1457 507 1497 cui
528 1457 661 1510 pinna
681 1456 838 1511 loquax
859 1456 930 1497 dat
949 1469 1073 1497 nosse
1094 1455 1270 1496 futura.’

203 1511 343 1553 Pauca
361 1515 556 1566 precatus
578 1515 669 1553 erat-
688 1513 865 1566 supplex
887 1515 929 1553 et
949 1511 1109 1566 templa
1129 1511 1299 1552 subibat

205 1566 407 1609 Uestibus
429 1568 601 1609 indutus
622 1568 761 1622 Tyriis
783 1572 825 1609 et
846 1569 1004 1609 murice
1025 1567 1158 1623 regni.

204 1622 439 1665 Uersieolor
455 1624 645 1678 chlamys
667 1625 759 1678 ipsa
777 1625 857 1665 fuit
872 1638 999 1678 quam
1023 1638 1209 1678 purpura
1226 1622 1396 1678 fulgens

202 1678 468 1721 Flammabat
490 1680 639 1721 diffusa
662 1680 869 1732 humeris,
892 1680 1002 1721 hane
1022 1680 1154 1720 fibula
1175 1679 1350 1721 mordax

118 1742 186 1774 485
202 1734 350 1790 Iungit
371 1740 413 1777 et
433 1741 608 1777 ornatus
629 1736 774 1777 iuueni
795 1736 890 1790 plus
911 1736 1109 1777 admouet
1131 1750 1281 1776 aurum

205 1790 298 1838 Quo
321 1791 522 1833 distincta
542 1793 670 1833 micat
690 1793 860 1833 radians
885 1806 961 1846 per
981 1791 1163 1833 stamina
1185 1791 1327 1832 uestis.

206 1845 357 1888 Cetera
377 1848 503 1889 turba
522 1862 662 1889 eomes=
684 1847 872 1902 Phrygio
895 1848 1107 1889 succincta
1129 1846 1277 1888 decore

204 1901 239 1944 F
242 1902 427 1958 ulgebat.
469 1904 644 1945 delubra
665 1910 813 1958 petens
835 1904 1012 1945 intrauit
1034 1903 1085 1945 ad
1107 1917 1200 1944 aras

206 1958 357 2000 Pastor
377 1965 419 2000 et
438 1960 484 2000 in
506 1974 594 2001 sese
616 1964 865 2001 cunctorum
888 1960 1050 2001 lumina
1071 1959 1219 2000 uertit:

205 2130 272 2161 460
294 2131 366 2161 sine
391 2130 491 2162 dubio
511 2130 648 2161 Paridis
672 2132 865 2162 mentionem
891 2132 948 2172 qui
969 2131 1103 2166 fecerat
1126 2140 1243 2161 uersus
1268 2129 1398 2160 excidit

117 2174 185 2206 463
211 2175 435 2207 connubium
518 2177 577 2206 ΠΙ
608 2175 758 2206 Dionem
836 2177 902 2207 454
927 2177 1048 2207 omnia
1073 2186 1162 2206 corr.
1190 2173 1258 2206 IJl
1331 2174 1397 2206 476

121 2219 283 2250 rma-«iit
314 2231 400 2251 eurr.
429 2219 543 2251 Bnerh
587 2232 624 2250 m.
652 2220 691 2251 rlz
807 2222 872 2252 478
908 2221 1027 2261 ¹augur
1059 2220 1274 2251 aberrantes
1305 2229 1395 2249 corr.

118 2262 234 2294 Buce-h
344 2266 410 2296 479
443 2266 647 2303 ganimedes
747 2266 812 2297 483
847 2266 956 2297 Persa
989 2264 1116 2296 clamis
1147 2275 1238 2295 corr.
1270 2262 1396 2295 ΒιιεεΙι.

121 2318 162 2340 m.
186 2309 237 2339 rh.
315 2311 379 2341 ⁴85
405 2309 572 2341 admon-:t
600 2309 704 2342 nurui
729 2321 818 2341 corr.
848 2310 915 2341 lJ!
993 2311 1057 2342 486
1085 2310 1188 2348 Quod
1213 2319 1303 2341 corr.
1330 2308 1401 2340 JM
