1635 2522
635 120 666 152 V
690 121 879 153 233—300
1348 117 1399 158 19

207 218 366 261 Diuitis
387 221 532 273 optata
550 219 791 273 praesentia
809 217 978 259 turbida
998 218 1145 259 rostris

206 274 408 329 Adparet.
450 275 688 316 conclamat
705 275 849 328 inops:
873 274 1104 316 succurrite
1125 273 1256 326 ciues,

208 329 325 372 Ciuis
346 330 465 371 adest
486 330 700 372 uiolentus
720 333 840 371 atrox
862 343 955 370 mea
976 329 1062 370 fata
1083 329 1302 383 requirens

208 385 342 435 Quem
362 385 471 427 nihil
488 385 645 427 offendi
665 386 748 427 nisi
763 385 876 440 quod
892 400 985 426 sum
1000 399 1162 439 pauper
1179 385 1397 425 honestus.

54 470 58 476 -
122 449 189 482 270
209 440 319 483 Εο00
339 441 622 496 triumphalis,
643 441 928 494 metuendum,
950 440 1132 492 dextera,
1155 440 1315 481 ferrum

207 496 256 538 Id
277 497 390 551 quod
410 498 454 538 in
477 497 652 539 hostiles
673 497 843 552 iugulos
864 511 913 538 ex
936 497 1038 538 urbe
1060 497 1210 548 tulisti,

207 552 259 594 In
279 553 418 607 patria
438 567 634 594 reuocare
656 553 793 594 uelis?
823 567 876 594 ne
899 553 1061 594 uiscera
1082 553 1229 593 matris

208 608 490 663 Transadigas
511 608 666 663 gladio,
686 608 844 650 laceres
865 623 918 649 ne
939 609 1129 649 membra
1149 607 1336 662 parentis

208 663 324 712 Quae
345 666 386 705 te
407 663 641 717 palmiferis
663 663 807 705 docuit
826 677 1075 705 concurrere
1095 664 1203 705 telis.

64 738 65 741 ¹
123 727 189 759 275
209 718 342 761 Parce
363 733 525 774 precor,
547 719 709 761 ferrata
725 734 889 771 manus,
912 719 1056 760 ciuilia
1077 719 1187 760 colla

207 774 275 817 Ne
295 774 422 816 ferias
443 789 550 830 quae
571 789 716 817 mucro
738 778 836 817 tuus
857 775 1046 816 defendit
1066 776 1118 816 ab
1140 774 1273 816 hoste.

209 830 275 872 Sit
293 830 432 884 pudor
451 834 578 885 atque
598 831 719 872 nefas
741 832 990 885 extinguere
1013 831 1174 885 proelia
1195 845 1343 884 campo

208 885 267 928 Et
284 889 442 928 mortes
462 887 692 929 transferre
713 887 821 930 foro.
865 888 1050 928 lamenta
1069 887 1237 928 minora
1419 899 1456 933 [p.
1476 898 1519 932 ποι

210 941 430 984 Credimus
445 942 609 995 auditu,
632 942 754 985 dolor
774 947 838 984 est
857 946 1044 996 spectare
1067 943 1299 995 cadentem,

125 1006 192 1038 280
212 997 381 1039 Funera
400 1000 489 1039 siue
511 998 644 1040 oculis
665 999 811 1040 uiuum
833 999 988 1040 uidisse
1010 999 1188 1040 cadauer

210 1053 314 1095 Cum
337 1054 470 1108 gemit
491 1058 533 1095 et
552 1055 737 1096 moriens
757 1055 1048 1096 tremibundos
1068 1055 1252 1108 palpitat
1271 1058 1399 1096 artus.

210 1108 401 1164 Mugitus
423 1124 530 1164 quos
550 1110 621 1151 ille
643 1110 760 1152 dabit
780 1126 856 1165 per
876 1110 1045 1152 moenia
1065 1125 1238 1164 pauper,

211 1164 320 1206 Cum
340 1165 470 1220 uulgo
489 1170 706 1220 spectante
727 1167 860 1220 cadet,
883 1180 978 1207 cum
999 1167 1187 1207 membra
1209 1180 1357 1207 cruore

209 1220 446 1262 Perfundat
466 1222 732 1276 moribunda,
754 1223 844 1264 solo
865 1237 960 1264 cum
981 1222 1147 1263 mordet
1167 1237 1351 1263 arenam.

125 1284 190 1316 285
207 1277 433 1332 Anguibus
454 1277 707 1331 implicitum
727 1278 870 1320 credas
891 1277 1109 1319 Laoconta
1129 1281 1382 1333 gementem.

196 1331 280 1374 vSic
302 1332 421 1374 decet
440 1335 489 1374 111
508 1334 632 1375 fortis
652 1334 785 1375 lass'os
806 1337 853 1375 ut
873 1334 991 1375 diues
1013 1338 1199 1389 egentes,

211 1387 336 1429 Ciues
357 1388 462 1429 ciuis
483 1403 609 1442 ames,
631 1393 705 1431 aut
724 1390 784 1431 sic
805 1389 1046 1431 defenditur
1066 1390 1246 1431 insons?

211 1442 255 1485 Si
277 1458 425 1485 11000111
447 1445 673 1487 simulacra
693 1446 854 1498 darent,
875 1449 948 1486 tua
969 1446 1092 1500 signa
1112 1448 1314 1500 rogarent

210 1498 268 1540 Et
287 1499 410 1541 dolor
430 1500 511 1542 ista
531 1501 649 1543 daret
669 1501 870 1543 deflendis
892 1501 1022 1542 uerba
1043 1501 1246 1556 querelis:

126 1563 193 1594 290
215 1554 319 1596 <Dic
339 1556 507 1597 iuuenis
529 1556 658 1610 diues,
679 1558 841 1612 patriae
864 1557 928 1599 dic
949 1557 1072 1598 fortis
1094 1561 1269 1610 amator,

212 1609 256 1653 Si
276 1625 438 1665 pauper
457 1627 554 1653 reus
575 1616 650 1666 est,
672 1617 746 1654 tua
766 1613 868 1668 quid
887 1614 1080 1667 peccauit
1100 1613 1241 1668 imago

211 1665 396 1709 Uirtutis
415 1672 693 1710 monumenta
712 1672 823 1723 tuae,
845 1668 946 1724 quid
966 1669 1086 1710 testis
1107 1669 1319 1710 honorum

211 1722 433 1764 Temnitur
453 1727 496 1764 et
515 1725 676 1778 patriae
697 1724 924 1766 foedantur
944 1725 1113 1766 moenia
1133 1725 1334 1766 nostrae?
1350 1729 1361 1746 '

211 1777 327 1820 Haec
348 1779 669 1822 simulacrorum
690 1795 774 1822 uox
797 1784 870 1834 est,
893 1781 1137 1835 patriaeque
1159 1781 1367 1836 gementis

126 1842 191 1880 295
213 1833 328 1875 Α11(11
349 1835 480 1876 uerba
498 1840 596 1877 tuae
619 1842 630 1858 ‘
643 1837 793 1878 merito
814 1840 856 1878 te
877 1837 988 1878 laeta
1010 1837 1161 1889 creaui,

211 1889 426 1931 Infantem
447 1893 610 1946 gremio
633 1893 763 1945 tenui,
785 1892 910 1934 simul
931 1893 1061 1933 ubera
1081 1907 1213 1947 paruo

213 1944 325 1987 Urbs
345 1949 479 1987 mater
499 1948 767 1989 tremibunda
787 1948 881 1989 dedi
902 1948 1112 1989 cunabula
1132 1952 1362 2002 praestans,

213 2000 348 2050 Quem
368 2006 679 2056 praetextatum
700 2004 849 2045 iaculis
870 2003 1095 2058 proludere
1116 2004 1233 2057 iussi,

210 2057 410 2112 Impubes
430 2058 514 2099 iam
535 2059 659 2101 fortis
680 2074 785 2113 eras,
805 2060 991 2101 inuictus
1013 2061 1180 2101 adultus

127 2121 194 2153 300
212 2111 270 2155 Et
289 2113 456 2155 iuuenis
478 2115 626 2157 uictor.
667 2116 738 2157 sed
759 2130 813 2157 110
832 2115 1053 2157 fraudatus
1074 2116 1213 2157 abires

218 2216 284 2248 268
313 2227 356 2248 an
388 2215 493 2249 ‹liues
522 2218 756 2251 scribendum?
846 2220 911 2251 ‘274
943 2229 1116 2250 concurre
1210 2221 1275 2251 280
1309 2220 1386 2250 31110

128 2294 195 2327 286
219 2266 339 2326 las'ixos
363 2267 469 2327 sdrtis
562 2296 627 2329 288
651 2277 845 2338 rogassent

1096 2351 1140 2372 ἢ,

1097 2375 1113 2384 a
