1635 2522
229 141 281 182 10
677 139 1052 174 CONTROUERSIA

98 287 143 318 11»-
163 287 207 317 10]
226 275 274 317 V.
314 275 609 317 controuersia
629 273 678 316 de
698 274 843 315 statua
861 273 949 314 uiri
967 272 1106 315 fortis.
1145 273 1220 315 Uir
1239 273 1365 316 fortis
1384 274 1503 327 optet

226 334 454 387 praemium
475 332 584 386 quod
611 336 616 384 1
643 331 772 374 uolet.
812 343 971 385 pauper
996 332 1039 372 et
1065 331 1184 373 diues
1208 332 1382 374 inimici.
1419 331 1501 374 bel-

226 392 312 433 lum
343 391 496 433 incidit
528 391 711 433 ciuitati.
757 389 875 431 diues
906 389 1078 431 fortiter
1106 393 1110 440 Ι
1138 389 1258 432 fecit:
1304 401 1501 432 reuersus

226 450 401 503 praemii
420 450 582 491 nomine
603 445 787 490 statuam
807 449 934 501 petiit
954 449 997 489 et
1018 448 1184 490 meruit.
1223 448 1402 490 secundo
1422 447 1501 490 for-

225 509 331 549 titer
363 511 369 559 1
399 508 506 560 egit:
551 519 747 549 reuersus
776 507 903 560 petiit
938 506 1114 559 praemii
1143 507 1306 548 nomine
1337 506 1502 559 asylum

226 566 318 607 fieri
349 567 532 607 statuam
563 577 679 607 suam
705 566 748 606 et
776 570 780 615 Ι
808 565 972 606 meruit.
1015 564 1147 606 tertio
1179 564 1353 606 fortiter
1380 564 1500 606 fecit:

224 635 421 666 reuersus
451 624 578 677 petiit
611 623 787 677 praemii
817 623 980 664 nomine
1012 624 1139 676 caput
1167 626 1171 674 Ι
1199 623 1397 676 pauperis
1425 623 1502 665 ini-

372 683 481 724 mici.
519 693 678 736 pauper
697 681 751 723 ad
770 682 955 723 statuam
976 680 1126 722 diuitis
1147 681 1352 734 confugit.

730 739 985 782 contradicit
998 752 1005 780 :

310 841 412 889 Quis
434 842 554 882 furor
575 841 653 882 iste
675 841 843 881 nouus?
875 854 981 894 quae
1002 842 1122 881 tanta
1143 840 1316 881 licentia
1337 841 1440 881 ferri

308 897 506 938 Poscitur
526 899 574 937 ut
594 897 677 937 ciui
697 897 823 937 liceat
842 899 1109 949 prosternere
1133 896 1245 937 ciues

306 952 363 993 Et
383 953 548 993 facinus
569 952 646 992 sub
667 951 789 992 laude
811 955 931 1006 gerat
950 952 1195 1005 crimenque
1216 951 1483 1005 triumphum

307 1007 434 1049 Dicat
454 1010 495 1048 et
515 1007 692 1048 hostiles
713 1008 875 1061 patriae
896 1021 1096 1048 reuocare
1117 1007 1294 1062 sagittas

268 1072 287 1102 5
310 1062 437 1105 Ciuili
459 1064 536 1104 sub
557 1063 650 1118 lege
672 1064 798 1116 uelit,
820 1063 993 1104 uiduare
1014 1063 1187 1104 maritas

308 1119 547 1172 Matronas‚
570 1120 718 1160 orbare
739 1122 901 1173 patres,
926 1119 1119 1174 iugulare
1140 1119 1405 1172 propinquos

306 1174 524 1228 Reliquias
545 1175 678 1215 belli?
710 1175 844 1216 scelus
867 1177 930 1216 est
951 1189 1046 1216 cum
1066 1175 1160 1229 lege
1181 1189 1331 1215 necare

307 1230 390 1271 Pro
413 1231 565 1284 quibus
587 1245 703 1272 arma
722 1231 835 1272 tulit.
876 1231 991 1272 mitis
1013 1231 1048 1271 si
1069 1231 1257 1271 uinceret
1278 1230 1413 1271 hostis

306 1285 508 1328 Parceret
529 1289 655 1340 atque
676 1287 857 1327 humiles
878 1287 1008 1327 uellet
1028 1300 1196 1327 seruare
1219 1289 1424 1327 cat-eruas.

243 1350 286 1381 10
305 1341 395 1382 Iam
416 1356 505 1383 non
526 1357 603 1396 pro
625 1343 763 1396 patria
783 1343 849 1383 uir
869 1343 993 1384 fortis
1016 1343 1128 1382 bella
1149 1342 1323 1396 gerebat

305 1397 550 1438 Defendens
571 1399 756 1439 umbone
777 1398 888 1439 latus
910 1412 985 1451 per
1005 1398 1167 1451 proelia
1188 1397 1335 1438 cristas

305 1452 421 1493 Dum
442 1456 635 1506 quateret
657 1454 847 1508 galeatus
873 1468 980 1507 apex
1003 1454 1198 1507 aciesque
1220 1455 1416 1494 cruentas

305 1508 494 1550 Letifero
516 1523 718 1550 mucrone
739 1524 948 1563 premens,
990 1510 1067 1550 sub
1088 1509 1275 1564 imagine
1297 1508 1402 1550 ciuis

306 1564 468 1618 Impius
490 1566 625 1606 hostis
648 1568 738 1606 erat
758 1566 929 1619 merito,
953 1565 1026 1618 qui
1046 1565 1216 1606 uincere
1238 1564 1382 1606 uellet·

241 1628 282 1659 15
304 1619 365 1661 Ut
386 1620 499 1661 ciues
520 1621 734 1676 iugularet
755 1636 901 1662 ouans.
944 1623 1087 1674 optate
1108 1623 1334 1673 tyrannos,

305 1675 408 1729 Iam,
423 1691 630 1730 proceres,
646 1677 822 1718 uincant
829 1677 974 1718 hostes
985 1677 1137 1729 quibus
1148 1691 1296 1730 aspera
1308 1691 1426 1717 1119115
1438 1678 1502 1718 est

305 1731 346 1773 N
350 1746 395 1773 99
425 1732 610 1773 studium
632 1735 729 1786 post
749 1732 860 1773 bella
881 1736 1043 1773 manet:
1075 1731 1174 1772 dum
1197 1731 1369 1773 classica
1389 1746 1501 1773 rum-

1163 1790 1292 1841 punt,

305 1843 512 1885 Hostibus
534 1844 718 1885 externis
739 1844 882 1898 grauis
902 1846 965 1884 est
985 1844 1182 1884 inimicus
1203 1844 1248 1884 in
1269 1844 1414 1896 armis,

304 1899 410 1941 Post
430 1900 562 1941 aciem
585 1899 781 1941 dominus
803 1900 918 1940 mitis
940 1900 1013 1953 qui
1034 1900 1169 1940 uincit
1188 1899 1370 1940 habetur

239 1964 283 1995 20
303 1957 394 1997 Aut
414 1970 464 1997 ex
485 1956 606 1997 hoste
628 1958 772 1997 manet
792 1956 969 2009 simplex
991 1970 1039 1996 ac
1059 1955 1167 1996 fidus
1189 1955 1367 2007 amicus,

305 2011 350 2053 Si
372 2012 532 2053 belluni
554 2013 631 2053 sub
652 2026 754 2065 pace
776 2011 908 2052 cadat.
950 2011 1064 2065 quod
1084 2011 1221 2052 sentio
1243 2011 1442 2065 prodam:

305 2067 396 2108 Iam
419 2068 533 2109 ciues
554 2067 737 2109 formido
761 2067 864 2121 mei,
891 2081 968 2108 uos
990 2081 1091 2121 ergo
1115 2069 1273 2108 cauete.

312 2183 344 2212 1¹71
370 2183 591 2222 z'r1.s·cr·1'p!1'one
618 2181 890 2213 controuerssia
913 2180 917 2222 Ι
939 2181 1066 2213 11111ιί91
1091 2185 1122 2213 el
1146 2186 1224 2222 post
1248 2180 1372 2212 nimici
1395 2179 1400 2221 Ι
1420 2190 1502 2222 pre·

222 2226 331 2257 mium
356 2231 388 2257 ee
415 2228 554 2267 promia
586 2227 745 2267 deinceps
767 2224 772 2268 Ι
793 2228 837 2257 14
862 2237 980 2258 11011119
1075 2227 1115 2257 12
1145 2230 1231 2267 apte
1256 2236 1347 2257 corr.
1372 2225 1502 2259 Buech.

223 2271 264 2301 13
282 2271 473 2302 Laetifero
546 2272 586 2302 15
612 2272 744 2302 orbans
811 2272 849 2302 1ss
867 2272 994 2304 uincat
1013 2281 1102 2303 corr.
1121 2270 1248 2302 Bacch.
1311 2271 1351 2302 18
1377 2271 1502 2311 grauis

220 2314 388 2348 inimicus
458 2318 500 2347 ‘20
525 2317 629 2347 uenit
653 2318 832 2357 proposuit
853 2316 976 2348 Bacch.
1046 2317 1088 2346 ‘22
1115 2315 1244 2347 cadele
1265 2325 1354 2347 corr.
1374 2314 1501 2347 Bacch.
