1635 2522
233 62 287 104 62
723 64 894 96 MEDEA

317 163 463 204 Aeetis
483 163 659 204 immitis
679 162 826 204 forsan
845 162 1093 204 mactandus
1113 162 1165 203 ad
1186 177 1292 204 aras.

253 227 296 258 60
315 218 445 272 Eripe
467 219 684 272 captiuum
705 218 892 259 retinent
912 232 1036 272 quem
1058 218 1173 259 mille
1194 221 1379 271 catenae,

317 273 441 315 Mitte
461 274 754 328 pharetratum
775 288 966 328 puerum,
987 288 1082 315 mea
1102 272 1271 328 Cym-isi,
1293 275 1507 327 Amorem,

116 329 157 361 [P-
176 330 220 362 79]
316 329 422 384 Igne
442 331 517 370 tuo
538 329 753 371 flammata
773 329 895 371 cadat
914 328 1144 370 furibunda
1163 329 1326 384 uirago,

316 384 464 425 Discat
484 399 624 426 amare
643 385 776 439 furor,
797 385 969 426 tandem
990 385 1045 425 sit
1063 384 1220 425 blanda
1239 385 1446 439 sacerdos,

317 440 493 494 Templa
511 441 781 494 pharetratae
802 443 1048 481 contemnat
1067 440 1190 494 uirgo
1212 439 1388 494 Dianae,

253 504 294 534 65
316 495 535 549 Despiciat
555 495 730 537 delubra
751 496 863 537 deae.
900 496 1002 537 licet
1021 496 1243 537 immemor
1264 498 1399 537 exstet

316 551 553 606 Religionis
574 566 694 593 amor
713 552 892 593 timeant
911 565 988 593 nec
1007 551 1172 592 fulmen
1192 554 1396 605 amantes,

316 606 375 648 Te
397 606 531 648 solam
552 610 674 661 putet
695 621 783 648 esse
805 607 937 660 deam,
958 610 1000 648 te
1020 621 1180 648 numen
1200 606 1359 661 adoret,

315 662 374 703 Te
395 665 558 704 metuat
577 663 803 705 metuenda
824 664 930 717 deis,
949 666 991 704 te
1012 663 1170 704 iudicet
1190 677 1319 704 unam

316 717 451 766 Quam
472 733 586 760 mare
608 734 734 773 quam
762 719 889 760 tellus
909 733 1036 773 quam
1065 719 1243 760 numina
1271 721 1422 760 cuncta
1449 717 1510 759 fa-

1173 777 1318 815 tentur

250 836 292 867 70
311 829 497 883 Imperio
520 830 709 871 subiecta
728 833 803 871 tuo
824 844 900 883 per
919 830 1079 884 templa
1099 844 1175 884 per
1194 844 1288 870 aras

314 884 419 926 Esse
440 886 711 939 uoluptatum
732 885 967 939 dominam,
990 900 1095 939 quae
1117 886 1243 927 corda
1262 886 1452 939 parentis

314 940 470 982 Flectis
492 944 534 982 et
554 943 726 982 exutum
747 941 833 982 telo
855 941 1060 983 candente
1081 941 1322 983 Tonantem

314 995 533 1050 Despiciat
552 1011 619 1038 me
641 1011 765 1051 saepe
786 997 905 1038 iubes
925 1011 1004 1039 nec
1024 1000 1163 1038 castus
1184 997 1413 1051 Olympum

313 1051 551 1106 Destituat⁷
574 1053 630 1094 sit
648 1056 697 1094 ut
717 1053 852 1094 imber
873 1053 986 1107 olor,
1007 1053 1236 1094 bacchetur
1256 1052 1432 1106 adulter,

249 1115 290 1146 75
312 1106 394 1149 Uel
416 1122 683 1163 quocumque
703 1123 844 1149 meum
865 1109 1024 1163 placuit
1044 1112 1207 1150 mutare
1227 1109 1440 1150 maritum.

313 1163 415 1205 Non
437 1178 611 1217 queror:
634 1164 892 1206 Aesonidem
912 1167 1080 1206 tantum
1101 1167 1200 1218 peto
1220 1165 1308 1205 filia
1328 1165 1441 1220 regis

313 1219 440 1261 Nunc
461 1223 574 1261 amet
595 1223 636 1261 et
656 1220 811 1274 laudet,
833 1235 931 1262 mox
952 1220 1066 1261 hunc
1087 1221 1270 1274 suspiret
1291 1221 1463 1262 anhelet

315 1275 449 1323 Quem
469 1278 654 1317 mactare
675 1279 815 1330 parat,
837 1277 977 1317 soluat
998 1276 1161 1318 ceruice
1182 1280 1351 1317 catenas

314 1331 575 1384 Torpescens
596 1334 758 1372 armata
778 1346 941 1385 manus,
964 1333 1032 1374 cui
1053 1331 1226 1373 brachia
1246 1331 1402 1373 collum

248 1394 292 1425 80
315 1386 601 1440 Circumdent‚
627 1390 663 1428 et
683 1401 828 1429 mucro
850 1387 972 1429 cadat
992 1388 1159 1429 ieiunus
1181 1389 1231 1429 ad
1254 1393 1376 1428 aras.’

313 1441 504 1484 Finierat
524 1446 720 1484 matrona
739 1443 868 1484 Iouis.
910 1444 969 1484 sic
991 1458 1086 1485 orsa
1106 1443 1268 1485 Dione:

315 1497 406 1539 ‘Me
428 1497 640 1540 Uenerem
660 1513 740 1553 me,
761 1499 883 1552 Iuno,
905 1499 1024 1541 decet
1044 1514 1123 1553 me,
1139 1499 1296 1540 blanda
1310 1512 1508 1553 nouerca,

312 1554 497 1609 Imperio
518 1569 666 1608 parere
686 1558 782 1596 tuo:
805 1555 906 1610 quid
926 1555 1050 1610 plura
1070 1555 1325 1609 loquemur?

315 1609 508 1651 Oderunt
526 1625 621 1652 mea
642 1613 781 1653 castra
800 1616 970 1652 moras?
1011 1612 1069 1653 sic
1090 1611 1179 1652 fata
1201 1611 1382 1665 Cythere

248 1673 290 1704 85
313 1664 488 1714 Quaerit
509 1666 782 1708 amoriferum
804 1681 879 1720 per
898 1670 990 1708 tota
1009 1667 1170 1708 rosaria
1191 1670 1351 1708 natum.

312 1721 389 1762 Ille
411 1722 509 1763 deas
530 1723 653 1776 ponti
673 1722 759 1763 telo
782 1723 1026 1764 flammabat
1049 1723 1094 1763 in
1115 1722 1238 1764 undis

314 1777 518 1819 Maternis
539 1778 770 1819 submissus
792 1778 924 1832 aquis.
965 1778 1239 1833 Hymenaeus
1259 1778 1312 1819 ad
1332 1778 1453 1820 illum

313 1832 513 1875 Mittitur.
554 1833 653 1876 huic
676 1834 827 1875 fluctus
847 1834 1035 1888 produnt
1055 1835 1318 1876 fumantibus
1338 1834 1475 1876 undis.

318 1971 360 2001 59
387 1969 529 2001 Aetlios
558 1972 673 2002 uersuz'
702 1972 916 2011 corruptelae
948 1976 1026 2003 nota
1055 1973 1214 2012 praefica
1239 1974 1289 2002 est
1380 1970 1422 2001 65
1448 1980 1507 2001 ex-

228 2016 303 2046 stat
327 2024 415 2047 corr.
443 2015 571 2048 Rueck.
601 2025 705 2056 neque
731 2017 813 2046 enim
839 2015 928 2047 licet
957 2018 1148 2056 partiendae
1178 2016 1391 2047 indic-atinum
1417 2015 1507 2046 Dra-

227 2062 357 2091 contius
379 2059 547 2101 snbz'unffl‘t
569 2061 636 2091 nisi
658 2061 690 2091 in
707 2059 878 2100 prioribus
903 2061 1103 2092 carminibus
1120 2071 1204 2103 quae
1229 2061 1354 2101 puerili
1376 2060 1504 2092 calamo

227 2114 247 2134 a
270 2105 487 2145 grammatico
512 2114 571 2136 suo
590 2105 730 2136 nondum
746 2106 831 2136 satis
854 2107 1023 2146 per-polito
1048 2107 1226 2146 scripsisse
1250 2105 1383 2136 uidetur
1407 2109 1509 2146 atque

226 2148 312 2179 idem
336 2149 429 2180 cadit
453 2150 486 2180 in
504 2148 768 2182 deliberatiuam.
795 2150 840 2190 cf.
857 2148 908 2179 IX
926 2151 989 2181 211
1016 2151 1083 2182 uid.
1102 2151 1242 2182 i71d1'cem
1311 2150 1353 2181 6ss
1378 2149 1508 2181 timent

226 2203 316 2225 corr.
345 2193 471 2227 Bueeh.
563 2195 605 2225 74
632 2194 815 2226 Destituet
840 2204 930 2227 corr.
950 2195 1074 2227 Buecle.
1168 2196 1210 2227 75
1236 2194 1482 2236 quodcumque

228 2238 269 2269 76
295 2237 492 2270 Esonidem
569 2239 610 2270 77
638 2238 787 2270 anhelat
870 2240 913 2272 88
938 2239 1032 2272 hunc
1057 2239 1289 2274 corr-‚Buech.
