1635 2522
659 111 690 142 x
717 113 890 144 550—601
1361 114 1413 157 79

221 210 455 265 Rumperet
475 210 668 253 ensiferis
691 225 786 252 cum
808 211 944 252 ferrea
960 212 1106 252 messis
1128 213 1287 266 aristis,

136 275 204 307 580
220 267 456 321 Insurgunt
476 267 643 321 clipeis,
666 267 839 321 rapiunt
859 266 984 307 simul
1006 281 1122 308 arma
1142 267 1375 325 phalanges

220 322 430 364 Mortibus
452 322 624 364 alternis
645 325 688 364 et
707 325 854 363 mutua
874 322 961 363 fata
981 323 1221 377 minantur,

219 377 555 433 Fraternumque
578 379 697 419 nefas
718 379 789 432 qui
811 378 943 433 gessit
964 379 1152 420 uindicat
1173 381 1296 422 ensis.

217 433 322 476 Inde
342 434 549 475 Athamas
577 434 838 476 miserandus
860 437 969 484 erat,
996 435 1122 475 miser
1150 435 1248 477 inde
1270 436 1412 478 Palae-

1075 505 1196 544 mon,

217 545 321 587 Inde
341 545 506 587 Iocasta
526 544 628 597 fuit,
651 546 786 599 turpis
807 545 890 586 fuit
912 544 1099 599 Oedipus
1121 547 1241 599 inde,

133 609 199 641 585
218 601 322 643 Inde
342 601 537 643 Eteocles
559 604 649 641 erat
669 601 799 642 frater
819 601 1037 654 Polynicis
1059 604 1101 642 et
1121 601 1277 656 hostis,

217 657 274 698 Et
293 656 520 710 Polynices
542 656 665 710 inops
685 658 876 711 germani
897 659 1033 698 morte
1055 661 1312 711 peremptus.

217 711 381 753 Blanda
402 711 569 764 Uenus,
591 711 746 753 lasciue
767 727 891 766 puer,
916 711 1120 753 Semeleie
1142 712 1331 769 Bacche,

217 767 383 810 Parcite
404 782 481 809 uos
501 767 643 809 saltim
664 767 841 821 Thebis,
870 768 1023 822 quibus
1045 771 1193 810 auctor
1214 770 1334 825 origo

216 825 307 865 Aut
326 824 493 866 soboles
514 824 729 878 praeclara
748 823 850 865 fuit:
881 824 959 865 tibi
981 827 1135 877 mater,
1163 825 1335 879 Iacche,

29 870 45 929 ¹,
133 889 200 920 590
216 879 420 922 Thebana
441 880 491 921 de
512 879 642 933 stirpe
663 882 780 920 tuam
801 879 1061 934 Thebisque,
1084 879 1245 934 Dione,

216 935 495 977 Harmoniam
522 935 716 989 nupsisse
745 936 909 977 ferunt:
942 950 1019 990 pro
1042 951 1217 978 munere
1239 937 1412 979 Thebae

215 991 274 1033 Et
293 1005 370 1046 pro
391 994 458 1033 tot
477 991 640 1032 meritis
662 991 722 1032 sic
743 991 895 1033 funera
915 995 1035 1033 tanta
1055 993 1302 1034 merentur?

218 1046 389 1089 Crimen
411 1047 492 1088 erit
511 1047 707 1102 genuisse
729 1046 848 1100 deos,
871 1048 955 1089 iam
978 1047 1104 1089 Creta
1124 1047 1364 1090 Tonantem

215 1103 468 1157 Depositum
490 1103 672 1144 nutrisse
694 1106 841 1158 neget,
865 1104 947 1144 iam
969 1103 1100 1145 Delos
1121 1105 1166 1145 in
1187 1105 1320 1145 undas

131 1167 196 1199 595
217 1159 416 1200 Fluctuet
436 1162 478 1200 et
497 1162 650 1213 paueat
669 1162 816 1213 partus
836 1160 1038 1201 meruisse
1060 1160 1255 1213 deorum,

214 1214 274 1256 Te
296 1213 508 1256 Uenerem
528 1215 637 1256 freta
658 1218 799 1256 uestra
818 1218 995 1270 negent,
1018 1215 1183 1256 abiuret
1205 1218 1384 1258 Amores

219 1270 384 1325 Cyprus
404 1273 447 1312 et
466 1270 646 1312 Idalium
667 1271 812 1325 pigeat
833 1271 1014 1312 coluisse
1035 1270 1203 1313 Dionen
1216 1305 1226 1324 ‚

216 1325 434 1368 Uulcanus
456 1326 639 1380 Lemno,
660 1326 768 1368 Iuno
791 1330 1017 1380 spernatur
1038 1327 1089 1368 ab
1111 1328 1259 1382 Argis,

217 1381 418 1437 Gorgone
441 1382 641 1424 terribilis
662 1381 805 1424 Pallas
827 1382 1050 1424 damnetur
1071 1383 1274 1437 Athenis,

131 1445 197 1478 600
216 1437 363 1492 Sitque
383 1439 504 1479 nefas
525 1438 704 1479 coluisse
726 1438 843 1487 deos,
869 1439 968 1492 quia
990 1439 1148 1479 crimen
1174 1439 1354 1480 habetur

215 1493 470 1549 Relligionis
492 1494 651 1547 honos,
674 1508 769 1536 cum
792 1493 863 1535 dat
883 1508 960 1548 pro
982 1494 1104 1535 laude
1126 1495 1295 1548 pericla.

219 1653 285 1685 583
313 1652 400 1684 Inde
428 1636 580 1684 talamiis
598 1653 712 1683 uersm‘
733 1663 820 1684 crux
842 1655 1001 1693 praefixa
1021 1657 1071 1683 est
1140 1653 1205 1684 585
1229 1652 1382 1685 Thocles
1403 1652 1407 1694 Ι

129 1695 308 1729 Polinicis
411 1698 476 1729 585
503 1689 687 1728 Po'linices
712 1697 918 1738 Poliniceps
937 1708 956 1738 y
979 1697 983 1738 Ι
1007 1697 1170 1728 ferentus
1195 1700 1410 1738 rorruptelae

128 1742 224 1783 eiquo
254 1745 401 1774 notatum
425 1752 515 1773 corr.
542 1741 669 1773 Bueclz.
762 1742 826 1774 587
857 1741 1060 1774 Semeleiae
1086 1742 1251 1773 bacchae
1345 1743 1411 1774 588

131 1785 237 1818 saltis
333 1787 398 1818 589
429 1790 545 1818 mater
575 1787 672 1818 iacet
771 1788 836 1819 590
867 1787 1024 1818 ‘l‘artara
1055 1788 1284 1827 (corruptelae
1314 1788 1410 1828 signo

130 1829 291 1872 notatum)
316 1831 384 1862 tibi
409 1831 457 1871 (nt
481 1831 629 1870 uidetur)
657 1831 795 1863 Diones
821 1832 911 1872 qnod
933 1832 1058 1872 scripsi
1080 1833 1260 1872 proposuit
1284 1831 1408 1863 Bueelz.

129 1876 192 1908 591
219 1875 392 1910 Armonia
407 1886 514 1916 snpra
532 1886 548 1906 r
564 1877 694 1908 literam
720 1878 935 1916 corruptelae
960 1881 1039 1908 nola
1063 1877 1269 1916 conspicitur
1344 1877 1410 1908 596

556 1926 574 1943 u

131 1953 276 1986 adiures
368 1954 432 1985 597
459 1952 587 2004 Cypris
610 1953 614 1993 Ι
636 1954 789 1985 Dionem
867 1955 932 1986 600
958 1953 1013 1985 Sit
1037 1954 1142 1986 nefas
1167 1964 1257 1988 corr.
1284 1953 1411 1986 Buech.

132 2009 191 2041 sub
213 2011 312 2050 finem
336 2010 493 2051 scriplum
518 2015 568 2041 est
599 2005 725 2047 Τέλος.
773 2011 896 2042 desinit
921 2011 1032 2042 codex
1057 2010 1302 2051 Neapolitanus
