1635 2522
577 143 668 178 vm
691 145 846 176 49—109
1295 143 1350 184 33

158 243 315 288 Infelix
335 242 530 284 Priamus
550 245 648 297 post
666 241 862 283 Herculis
884 256 1000 282 arma
1019 244 1218 283 nouarat:

95 307 142 342 80
165 301 324 342 Annua
343 299 592 353 persoluens
612 298 791 353 ingratis
812 312 988 338 munera
1011 297 1119 338 diuis

158 354 539 398 Laomedontiades
561 353 760 408 capitolia
781 353 890 394 celsa
910 353 1083 407 petebat

157 410 347 453 Reddere
369 413 470 452 uota
491 410 604 462 Ioui,
627 410 788 451 laturus
810 423 928 450 sacra
949 409 1181 450 Mineruae.

158 467 224 508 Ad
247 467 437 508 dextram
458 466 664 521 genitoris
686 468 776 507 erat
794 465 1053 506 fortissimus
1074 464 1254 518 Hector,

158 523 328 564 Troilus
349 522 403 563 ad
423 522 586 563 laeuam
607 521 763 584 pauido
785 521 1015 562 comitante
1037 520 1196 574 Polite,
1365 544 1404 574 u„
1418 544 1463 575 40]

91 587 138 618 85
164 579 315 622 Cetera
334 581 533 619 natorum
553 578 679 618 turba
699 577 880 631 stipatus
903 577 1058 618 abibat.

156 634 365 689 Reginam
386 634 548 674 interea
567 636 763 674 natarum
782 633 908 674 turba
928 636 1105 674 coronat

156 689 216 732 Et
234 690 412 731 nuribus
433 689 634 730 comitata
655 689 775 730 uenit
794 689 866 742 pia
887 692 987 729 uota
1009 688 1269 729 ministrans.

155 745 247 787 Rex
261 745 474 786 Helenum
491 745 694 799 sequitur,
709 744 970 786 Cassandrae
987 747 1121 785 mater
1137 743 1350 785 adhaeret.

157 801 272 843 Dum
280 804 467 856 pergunt
479 804 521 842 et
535 800 695 855 templa
704 803 868 854 petunt,
883 800 1124 854 prorumpit
1141 800 1186 841 in
1197 814 1351 855 agmen

89 865 138 897 90
158 857 311 899 Pastor
331 860 374 898 et
393 857 599 898 attonitos
621 856 731 897 elata
751 870 855 897 uoce
877 856 1053 897 salutat:

103 939 107 942 -
161 912 252 955 ‘Sis
271 913 374 954 felix
395 913 612 967 princeps,
635 927 781 954 omnes
803 912 962 953 saluete
984 911 1148 953 sodales

160 971 251 1010 Aut
269 969 423 1010 fratres
444 972 491 1009 ut
512 983 613 1010 uera-
632 968 779 1009 fera-ni.
822 972 866 1009 tu
890 968 1044 1009 fortior
1063 967 1225 1008 Hector

158 1025 338 1067 Culmen
359 1028 402 1066 et
421 1024 538 1066 urbis
559 1039 685 1078 apex,
708 1027 750 1065 et
769 1024 932 1065 uiribus
954 1023 1110 1064 indolis
1131 1024 1266 1064 almae

157 1080 320 1134 Troile,
341 1081 473 1122 frater
493 1094 586 1135 ego.
631 1080 805 1121 fratrem
827 1079 1069 1134 cognoscite
1092 1082 1293 1121 uestrum.

89 1144 133 1175 95
159 1136 397 1178 Germanus
418 1151 510 1177 sum
531 1139 671 1177 uester
691 1149 770 1191 ego
793 1135 1036 1189 Priamique
1057 1149 1267 1190 propago,

154 1191 332 1234 Hecuba
351 1193 410 1233 mi
430 1192 614 1247 genitrix
627 1225 637 1244 ‚
659 1192 832 1233 abdicor
852 1192 1028 1233 crimine
1049 1191 1168 1232 nullo

156 1247 321 1290 Paruus
341 1247 582 1290 Alexander
602 1252 748 1302 pastor
767 1248 954 1288 nutritus
975 1248 1021 1288 in
1042 1247 1128 1288 Ida.

157 1302 248 1345 Nec
268 1307 414 1358 pastor
438 1304 494 1345 sit
515 1304 612 1357 uile,
635 1303 839 1359 Phryges,
862 1317 941 1358 ego
962 1303 1102 1358 iurgia
1123 1303 1268 1344 diuum

159 1359 421 1414 Compressi,
443 1374 542 1401 nam
563 1360 637 1401 lite
659 1364 774 1401 caret
793 1374 860 1400 me
881 1359 1019 1400 iudice
1040 1359 1215 1400 caelum.

73 1423 139 1455 100
156 1415 201 1457 Si
222 1415 356 1457 credis
378 1429 580 1470 germana
601 1429 770 1468 manus,
792 1429 869 1456 nec
892 1418 1029 1456 cetera
1049 1415 1162 1470 regis

159 1471 341 1514 Conscia
361 1471 489 1513 corda
517 1475 681 1526 negant
700 1485 777 1512 nec
800 1474 934 1512 mater
954 1471 1110 1526 pignus
1131 1471 1350 1513 abhorret:

156 1527 333 1569 Noscite
355 1527 536 1582 depositi
557 1527 626 1569 uel
647 1531 760 1569 certa
780 1505 1026 1590 crepundia?
1031 1527 1187 1568 fiatris.
1199 1532 1210 1549 '

156 1582 335 1625 Dixerat
355 1588 398 1625 et
417 1586 546 1624 testes
567 1583 734 1638 generis
755 1583 933 1637 proiecit
953 1583 998 1623 in
1019 1597 1124 1624 arce.

157 1638 271 1680 Uera
291 1639 393 1680 fides
414 1640 550 1693 pietas
571 1640 769 1693 quatiunt
789 1654 887 1680 mox
908 1639 1036 1680 corda
1056 1642 1279 1693 parentum

73 1703 137 1734 105
158 1694 487 1749 Admissumque
508 1696 628 1736 nefas
649 1709 857 1750 generosa
877 1698 1018 1735 mente
1040 1696 1197 1736 fatetur

155 1750 292 1792 Fusus
313 1751 359 1792 in
380 1765 455 1792 ora
474 1751 616 1794 rubor.
659 1751 822 1793 Paridis
842 1765 939 1792 mox
963 1751 1073 1792 colla
1093 1751 1260 1792 lacertis

156 1807 332 1862 Adligat
352 1809 395 1848 et
415 1810 563 1848 natum
585 1807 687 1849 fletu
708 1807 932 1862 gaudentis
954 1807 1136 1848 inundat
1361 1826 1402 1857 [1³-
1419 1826 1467 1858 41]

157 1862 471 1917 Conuictusque
491 1866 613 1917 pater
633 1864 800 1905 ueniam
826 1862 876 1903 de
897 1863 1017 1916 prole
1039 1864 1230 1918 rogabat.

157 1918 424 1973 Obstupuere
446 1933 606 1960 omnes.
646 1922 782 1960 mater
802 1919 949 1973 gauisa
970 1920 1161 1972 recurrit,

161 2056 204 2087 79
229 2054 388 2086 Insoelix
411 2055 415 2096 1
437 2060 592 2087 nouerat
615 2066 704 2087 corr.
723 2054 849 2086 Buech.
876 2066 916 2086 m.
939 2056 988 2086 rh.
1058 2057 1100 2088 81
1130 2057 1352 2088 Laumedon-

73 2098 192 2132 tiades
294 2100 337 2132 83
370 2100 532 2131 dextram
563 2110 653 2133 corr.
680 2111 725 2132 ea:
757 2099 850 2131 detr-
960 2101 1002 2132 85
1035 2100 1192 2132 Caetera
1227 2101 1340 2133 Bueclz

69 2145 253 2186 proposuit
277 2145 324 2176 Et
348 2155 411 2176 rex
481 2147 521 2177 91
549 2144 664 2177 foelix
689 2145 889 2186 Princepes
914 2156 1004 2177 corr.
1032 2145 1104 2176 JM
1170 2148 1212 2178 93
1239 2150 1275 2177 et
1301 2146 1350 2176 ni-

74 2189 175 2221 ribus
199 2189 337 2221 indolis
363 2190 457 2232 alme
482 2195 686 2231 corruptum.
735 2191 842 2221 latere
868 2191 1001 2221 uidetur·
1026 2193 1091 2222 tale
1118 2196 1153 2221 et
1178 2196 1213 2221 tn
1243 2191 1302 2222 lux

73 2234 118 2266 94
149 2234 372 2275 cognioscite
477 2235 520 2267 96
552 2234 679 2266 Ecuba
782 2235 824 2266 97
855 2237 1015 2266 nutritur
1125 2239 1185 2266 102
1219 2235 1353 2266 fratres

73 2288 165 2311 corr.
191 2278 318 2310 Bacch.
343 2290 382 2314 m,
407 2280 457 2311 rh.
536 2281 599 2312 104
624 2290 718 2312 mors
743 2289 832 2313 corr.
850 2279 921 2311 JJJ
998 2281 1058 2312 106
1085 2280 1236 2321 pallidis
1261 2291 1347 2311 rur-r.

73 2322 143 2355 IM
236 2323 300 2356 108
323 2324 484 2365 negabat
509 2335 597 2359 corr.
624 2325 692 2357 JM

136 2383 310 2409 Ducem-11
327 2384 474 2410 carmina.
1063 2384 1083 2414 3
