1635 2522
268 123 320 165 76
822 121 992 155 MEDEA

350 222 535 264 Exitiale
556 221 669 275 rapit
687 234 787 261 mox
807 220 994 274 praemia
1013 222 1123 261 tetra
1143 235 1355 262 uenenum

351 281 494 331 Atque
515 291 665 318 aurum
686 277 865 317 mentita
884 290 1042 317 nocens
1062 276 1225 317 radiare
1247 291 1404 318 corona

353 333 548 375 Creditur
569 334 610 373 et
630 346 816 387 gemmas
837 332 961 373 flores
982 332 1204 372 imitantur
1223 332 1372 386 iniqui.

352 389 466 430 Dum
487 402 641 429 munus
662 387 811 428 Medea
831 390 952 441 parat
971 387 1076 428 haec
1096 387 1247 428 funera
1268 387 1452 429 Glaucae
1463 420 1474 441 ,

267 453 332 483 495
352 444 564 485 Processit
583 443 715 484 roseis
737 444 800 484 sol
820 443 1024 483 mundum
1045 443 1262 496 amplexus
1283 443 1471 484 habenis.

351 503 411 541 At
430 513 557 554 maga
578 499 851 553 sulphuream
872 513 1036 552 ponens
1057 498 1108 539 ad
1129 499 1254 539 busta
1274 512 1475 540 coronam

351 555 469 596 Haec
489 556 567 596 ait:
598 558 610 576 ³
623 569 647 596 o
669 555 817 595 mundi
838 554 967 595 facies
987 554 1273 608 pulcherrima
1293 554 1421 595 Titan

351 611 560 652 Naturam
579 610 747 651 feruore
767 613 918 651 tenens
939 610 1147 651 elementa
1167 613 1382 663 coartans,

351 667 418 708 Ne
439 667 628 720 dispersa
648 668 783 707 fiuant
804 669 877 707 aut
896 666 1044 706 mundi
1065 665 1262 706 machina
1282 669 1466 721 mergat,

267 731 335 762 500
354 722 567 777 Stelligeri
588 722 709 763 iubar
730 736 854 762 omne
875 722 976 775 poli,
1000 736 1124 775 quem
1146 721 1324 775 sphaera
1343 722 1541 775 polorum

353 778 542 820 Sustinet
563 780 605 818 et
625 777 824 831 prohibet
844 777 1014 818 rutilam
1044 777 1138 830 plus
1159 778 1219 818 ire
1240 792 1315 830 per
1336 777 1540 832 aethram,

352 834 467 874 Dum
489 836 637 874 contra
657 833 770 886 rapis
791 847 867 873 axe
889 835 1003 874 rotas
1025 836 1067 873 et
1088 833 1254 887 colligis
1275 833 1396 887 ignes

351 889 447 943 Ipse
468 889 560 943 pias
581 889 743 929 animas
764 889 888 929 mites
910 891 951 929 et
973 888 1132 929 claudis
1154 889 1199 929 in
1221 903 1373 929 aeuum

354 944 466 986 Orbe
487 948 583 998 tuo,
605 945 802 985 miserere
822 946 941 997 tuae,
964 944 1064 985 deus
1087 944 1265 997 optime,
1287 944 1419 998 nepti.

268 1009 334 1040 505
351 1001 547 1042 Insidant
566 1000 670 1041 haec
692 1003 802 1041 serta
823 1000 954 1041 comis
976 1003 1018 1040 et
1038 999 1219 1054 uirginis
1241 1014 1314 1040 ora

352 1056 498 1111 Digna
517 1071 675 1097 corona
696 1059 883 1110 premat:
915 1056 1012 1109 sint,
1034 1056 1220 1109 inquam,
1249 1055 1361 1110 regis
1382 1055 1427 1096 in
1448 1055 1546 1096 aula

352 1112 533 1153 Munera
547 1114 695 1153 nostra
710 1112 816 1167 rogi,
835 1112 937 1153 dent
953 1112 1140 1166 praemia
1154 1114 1275 1152 tanta
1291 1111 1543 1165 sepulcrum,

351 1168 486 1222 Ignea
506 1182 619 1209 mors
640 1168 778 1222 rapiat
799 1182 1002 1221 sponsum
1025 1182 1119 1208 cum
1139 1167 1300 1221 paelice
1321 1167 1460 1208 busto.
1475 1170 1486 1187 ’

352 1223 421 1266 Sic
442 1223 568 1264 effata
589 1223 732 1264 minax
756 1223 866 1265 Solis
887 1238 985 1265 mox
1006 1237 1165 1264 numen
1187 1223 1345 1264 adorat.

267 1288 333 1319 510
351 1279 558 1333 <Tempus
580 1281 723 1333 adest,
746 1284 996 1334 pergamus’
1019 1279 1090 1320 ait.
1132 1279 1192 1319 sic
1212 1278 1302 1319 fata
1322 1291 1525 1319 coronam

352 1335 485 1376 Tollit
505 1337 547 1376 et
566 1335 780 1376 insontem
801 1336 967 1389 fingens
989 1335 1040 1376 ad
1060 1337 1173 1375 tecta
1195 1333 1389 1375 Creontis

141 1402 182 1434 [p-
202 1402 247 1433 94]
353 1390 561 1443 Uenerat,
584 1390 727 1432 oblata
748 1405 927 1444 sponsae
950 1391 1020 1431 dat
1042 1393 1153 1431 serta
1172 1390 1359 1444 puellae:

353 1447 525 1500 ‘Accipe
547 1447 669 1501 uirgo
691 1447 829 1488 libens
850 1450 1041 1488 auratam
1061 1446 1202 1487 fronte
1224 1459 1425 1487 coronam

353 1502 488 1551 Quam
511 1503 679 1556 captiua
701 1502 822 1556 dabo,
844 1503 1013 1556 qualem
1031 1517 1124 1543 mea
1143 1502 1326 1556 pignora
1342 1503 1541 1547 sumant.’

267 1567 332 1597 515
349 1558 528 1599 Dixerat
549 1561 591 1599 et
611 1559 738 1612 capiti
761 1559 874 1612 quod
895 1559 979 1599 iam
1003 1557 1236 1599 diademate
1258 1557 1380 1612 regni

352 1614 611 1668 Splendebat
631 1614 722 1655 fera
743 1617 854 1655 serta
875 1615 998 1656 locat.
1040 1614 1210 1654 laudata
1230 1613 1388 1654 recedit

353 1669 523 1711 Colchis
545 1672 587 1710 et
608 1670 815 1711 infaustas
836 1673 1095 1711 uomuerunt
1114 1684 1290 1710 munera
1312 1669 1514 1709 flammas.

350 1725 440 1766 Has
456 1725 624 1766 radians
640 1740 740 1766 nam
753 1725 952 1767 Phoebus
973 1726 1061 1767 alit.
1100 1725 1183 1766 iam
1203 1727 1394 1766 creuerat
1416 1724 1542 1778 ignis,

350 1780 502 1822 Uritur
522 1781 715 1836 ingratus
737 1784 831 1822 usta
851 1796 946 1823 cuni
968 1781 1134 1836 uirgine
1156 1783 1306 1834 nauta,

266 1845 333 1876 520
351 1837 458 1879 Cum
479 1850 637 1892 genero
659 1840 867 1891 nataeque
889 1840 1011 1891 parat
1032 1851 1273 1878 succurrere
1295 1838 1433 1877 rector

358 1975 422 2004 491
450 1973 544 2014 repit
567 1983 656 2005 corr.
684 1973 808 2005 Buech.
901 1974 966 2005 494
998 1983 1148 2005 munera
1173 1983 1264 2004 corr.
1291 1972 1416 2005 Bacch.
1442 1972 1486 2011 cf.
1514 1983 1545 2003 u.

266 2019 330 2050 592
354 2016 358 2058 Ι
381 2017 517 2049 Glauce
605 2019 671 2049 495
695 2024 773 2049 ante
799 2018 987 2059 amplexus
1012 2020 1201 2059 praefixum
1225 2019 1349 2059 Ieyz'tm·
1374 2028 1395 2060 q
1479 2017 1546 2048 499

266 2073 393 2106 ΒιιεοῘι.
427 2076 548 2105 mauult
586 2078 716 2116 uergat
831 2076 893 2106 501
927 2073 1099 2115 prohibes
1215 2075 1280 2105 503
1310 2064 1419 2105 mi‘tis
1457 2072 1547 2114 quod

264 2119 364 2159 posui
400 2122 571 2159 temptauit
604 2118 730 2153 Buech.
829 2120 894 2150 507
927 2118 1015 2150 dant
1046 2129 1136 2151 eor-r.
1164 2118 1289 2150 Buech.
1316 2118 1321 2155 Ι
1350 2115 1466 2160 tanta]
1499 2116 1545 2157 cs.

265 2173 371 2204 supra
395 2164 458 2194 4501
480 2163 483 2203 Ι
510 2163 738 2204 sepulchrum
819 2164 884 2196 508
910 2163 1027 2204 pelice
1054 2163 1057 2203 Ι
1076 2164 1184 2195 busta
1202 2164 1292 2205 quod
1306 2173 1408 2204 aeyre
1425 2161 1546 2202 defen—
1631 2195 1635 2212 ¹

267 2209 329 2239 das
353 2209 577 2248 oppositionis
608 2210 735 2240 nomine
829 2210 894 2240 510
919 2209 1073 2250 Tempus
1100 2213 1158 2240 est
1182 2210 1396 2249 corruptelae
1419 2208 1546 2249 siynum
1632 2214 1635 2223 ·

265 2253 498 2293 interpositam
591 2254 653 2284 511
680 2251 728 2294 et]
752 2253 837 2292 fort.
857 2256 897 2284 ut
988 2255 1052 2285 513
1078 2256 1246 2285 auratam
1273 2253 1309 2284 in
1335 2252 1453 2284 fronte
1477 2251 1544 2284 del.
1628 2230 1635 2292 i

266 2296 392 2328 Bueclz.
486 2298 550 2329 516
576 2297 770 2340 Spledebat
795 2297 1009 2339 splendebat
1034 2310 1054 2340 γ
