1635 2522
647 95 679 126 x
703 95 880 128 491—549
1348 95 1398 137 77

212 193 364 236 Uritur
384 194 474 248 ipse
492 192 644 235 Creon.
684 207 813 247 rogus
835 195 898 234 est
917 205 1013 233 mox
1034 192 1132 233 aula
1150 194 1333 246 tyranni.

210 249 456 304 Diffugiunt
477 263 625 290 omnes
645 247 793 302 populi
814 248 997 289 conuiua
1017 248 1221 300 ministri,

213 304 453 347 Saltantum
475 304 622 360 fugere
644 304 774 345 chori.
815 318 916 344 nam
936 303 1045 344 festa
1065 307 1264 344 canentes

213 361 414 402 Ambusti
434 361 619 402 lamenta
639 362 794 401 sonant
814 373 891 400 nec
915 362 1118 413 tympana
1136 359 1286 413 plausu

127 424 195 456 525
211 416 480 470 Percutiunt,
502 416 574 457 sed
594 415 719 457 turba
739 429 912 471 gemens
932 414 1033 456 hinc
1053 414 1150 456 inde
1171 415 1351 457 lacertos

211 471 420 514 Uerberat
441 475 483 513 et
502 472 650 513 flentes
671 471 742 512 sed
762 486 850 513 non
871 485 947 512 sua
967 471 1118 512 funera
1137 471 1361 526 plangunt.

211 527 361 569 Stabat
382 527 473 569 sola
493 541 650 568 nocens
670 527 851 568 necdum
871 527 1023 568 satiata
1043 527 1235 568 sacerdos

210 582 301 625 Nec
323 597 469 625 secura
488 585 652 624 tamen:
682 597 915 637 numquam
936 582 995 623 sic
1015 596 1138 636 posse
1160 597 1324 624 uenena

211 638 400 681 Credidit
420 641 493 679 aut
513 638 707 691 precibus
727 642 894 679 tantum
916 638 1074 679 seruire
1095 638 1270 679 furores.

127 703 195 735 530
211 693 294 736 Sed
312 697 539 748 postquam
560 694 674 735 solos
696 708 799 748 quos
821 694 1001 734 iusserat
1020 694 1132 748 ignis
1153 693 1330 748 adussit,

210 749 330 791 Tunc
350 752 475 791 natos
496 749 728 790 furibunda
754 749 922 804 premit.
963 763 1062 790 nam
1084 748 1317 791 Mermerus
1338 750 1398 791 in-

1065 819 1164 846 sons

208 860 268 902 Et
287 860 462 902 Feretus
483 863 660 902 matrem
680 860 837 902 blanda
857 861 1015 914 pietate
1039 861 1260 902 uocabant.

210 915 271 958 Ut
290 917 481 958 flammas
502 917 637 958 uitare
660 919 836 970 queant,
859 916 1042 958 infantia
1063 916 1241 970 simplex

209 972 378 1014 Affectu
400 972 508 1026 petit
527 973 619 1026 ipsa
638 986 784 1013 necem
807 973 874 1014 uel
896 975 1046 1026 sponte
1067 972 1225 1026 pericla

124 1036 191 1068 535
210 1027 386 1077 Quaerit
406 1029 548 1082 inops,
570 1043 743 1082 passura
765 1042 910 1069 necem
932 1042 1134 1070 mucrone
1156 1029 1362 1082 parentis,

208 1083 355 1139 Ignari
376 1099 484 1138 quae
505 1087 639 1125 mater
659 1087 749 1125 erat
769 1083 871 1138 quid
892 1098 1018 1125 saeua
1036 1086 1219 1138 pararet.

208 1139 328 1181 Tunc
338 1140 530 1195 genetrix
541 1139 772 1181 furibunda
781 1155 953 1181 manum
963 1139 1183 1193 suspendit
1199 1142 1241 1180 et
1256 1154 1399 1181 ensem

209 1196 273 1236 Ac
293 1195 425 1236 fatur:
459 1194 554 1237 ‘Sol
575 1196 694 1237 testis
715 1210 840 1250 auus,
863 1195 936 1237 Sol
956 1195 1122 1236 Persice
1147 1194 1326 1249 Mithra,

208 1251 331 1292 Luna
352 1251 477 1292 decus
498 1252 658 1305 noctis,
679 1251 852 1305 Furiae,
875 1251 1151 1305 Proserpina,
1173 1251 1351 1292 Pluton:

126 1315 193 1346 540
209 1306 368 1360 Accipe
390 1306 462 1348 Sol
484 1307 653 1348 radians
673 1307 855 1360 animas,
877 1310 924 1348 tu
946 1321 1124 1361 corpora
1145 1307 1267 1348 Luna

210 1361 251 1403 N
254 1363 485 1404 utrimenta
504 1363 691 1417 animae,
712 1362 854 1403 fundit
875 1377 1000 1417 quem
1021 1377 1166 1404 mucro
1190 1377 1380 1405 cruorem

210 1417 372 1460 Sumite
393 1433 469 1460 uos
490 1418 663 1472 Furiae,
685 1419 823 1460 noctis
847 1433 918 1460 rex
944 1419 1086 1473 exigat
1106 1418 1288 1460 umbras.
1420 1428 1461 1459 [p-
1480 1426 1526 1459 95]

209 1473 392 1528 Spiritus
414 1475 458 1515 in
480 1477 631 1516 uentos
663 1507 668 1513 .
719 1475 820 1516 satis
843 1477 906 1516 est
925 1475 1097 1528 punisse
1118 1477 1321 1516 nocentes

209 1529 492 1584 Insontesque
514 1530 651 1571 simul.
693 1531 869 1572 miseros
889 1530 971 1572 hoc
993 1544 1091 1571 ense
1113 1531 1272 1572 necabo

127 1593 193 1624 545
212 1584 305 1633 Quo
327 1587 497 1640 genitor
516 1586 731 1627 feriendus
752 1590 841 1627 erat
850 1620 860 1639 ,
882 1586 990 1627 nihil
1012 1586 1103 1640 ipsa
1125 1585 1275 1627 dolebo

211 1639 256 1682 Si
277 1641 447 1696 ingrata
467 1645 636 1683 maneat
656 1642 798 1683 nullus
820 1642 869 1683 de
890 1645 1017 1697 gente
1038 1644 1262 1696 superstes.
1275 1646 1286 1663 '

209 1695 326 1738 Haec
346 1698 406 1738 ait
427 1700 468 1739 et
488 1698 681 1752 geminos
702 1713 787 1740 uno
809 1698 934 1739 simul
956 1712 1055 1739 ense
1076 1711 1261 1739 nouerca

211 1751 437 1808 Transegit
456 1768 622 1807 pueros.
661 1768 766 1808 quos
787 1755 846 1795 sic
867 1754 1065 1808 portabat
1085 1753 1136 1794 ad
1159 1768 1297 1795 arcem
1323 1778 1371 1783 —›

209 1806 270 1849 Ut
290 1823 484 1862 proceres
506 1809 648 1851 uidere
669 1810 807 1863 nefas,
835 1810 1012 1851 timuere
1034 1812 1251 1851 cruentam

217 1934 281 1965 530
307 1932 426 1964 adusit
517 1935 579 1965 531
606 1932 817 1976 Mcrmerus]
842 1945 948 1975 snpra
972 1936 1109 1965 alteram
1128 1945 1143 1965 r
1160 1935 1290 1965 literam
1315 1944 1402 1966 crux

123 1978 216 2019 picta
241 1982 291 2009 est
381 1979 445 2009 532
475 1978 629 2010 serentes
660 1984 736 2010 (mle
769 1990 897 2011 uer-snm
929 1990 1014 2010 crux
1039 1979 1245 2020 conspicitur
1337 1980 1401 2011 533

125 2025 236 2064 queat
259 2033 348 2054 corr.
377 2022 504 2054 Bneclz.
596 2025 661 2055 534
685 2028 760 2064 post
786 2034 912 2055 necem
935 2025 1058 2065 Ieyitur
1082 2033 1251 2055 mucrone
1276 2032 1401 2065 paren-

124 2067 174 2099 tis
197 2067 260 2099 sed
283 2072 484 2108 expunctum
553 2069 618 2099 535
643 2073 719 2109 post
744 2078 868 2100 necem
892 2070 1012 2110 ἱερέων
1033 2067 1090 2100 uel
1113 2072 1240 2110 sponte
1264 2067 1402 2108 pericla

124 2123 187 2154 sed
212 2127 413 2164 expunctum
513 2124 578 2155 538
609 2124 658 2156 Af
687 2125 738 2155 Ae
772 2124 869 2156 fatur
896 2123 901 2165 1
929 2134 1055 2166 persce
1085 2119 1225 2162 mifftra
1280 2126 1401 2165 pet-ste

124 2178 293 2210 ministra
315 2189 348 2221 y.
396 2181 610 2220 corruptelae
636 2185 714 2212 nota
737 2181 850 2211 nersui
872 2181 1030 2221 praefixa
1056 2184 1106 2211 est
1195 2181 1260 2212 543
1286 2189 1403 2211 uersus

124 2223 294 2255 excidisse
318 2224 451 2255 uidetur
472 2230 552 2265 post
577 2225 744 2257 inuentos
763 2236 956 2266 quamquam
981 2226 1012 2256 in
1030 2226 1146 2257 codiee
1171 2227 1289 2257 lamma
1315 2225 1403 2255 nulla

125 2271 175 2299 est
195 2266 201 2309 Ι
223 2268 314 2300 satis
340 2267 408 2308 est]
430 2268 514 2309 fort.
541 2270 651 2301 satiet
742 2270 806 2302 546
832 2274 969 2301 meurat
