1635 2522
293 92 349 134 36
781 91 1095 126 sA'r1sFAoT10

383 191 512 234 Cuius
534 191 586 232 ab
608 189 786 244 imperio
808 204 986 245 surgens
1007 193 1050 231 et
1069 191 1235 246 origine
1255 191 1413 234 Caesar

299 257 364 289 180
441 249 661 301 Augustus
680 246 837 287 meruit
855 248 1023 300 tempus
1043 247 1199 288 habere
1219 247 1350 301 pium.

381 304 588 356 'lempme
627 316 810 356 namque
851 302 997 343 eodem
1038 305 1101 343 est
1138 306 1264 344 natus
1304 303 1354 344 de
1393 303 1561 359 uirgine

1237 358 1442 414 Christus,

439 413 568 456 Cuius
590 416 632 454 et
652 413 824 454 emicuit
844 413 966 454 stella
985 427 1061 467 per
1081 416 1193 454 astra
1213 414 1316 467 poli.

383 470 480 511 Dux
500 470 698 524 princeps
718 468 936 510 Romanus
958 472 1048 510 erat
1069 469 1118 510 de
1138 469 1329 524 principe
1350 469 1472 512 Titus

439 525 484 567 Si
504 540 593 567 non
613 527 849 579 praestaret
868 524 1006 566 dicere
1027 539 1151 579 saepe
1173 525 1333 566 solens:

298 591 363 622 185
386 587 397 605 ⁶
410 581 677 623 Perdidimus
697 581 776 622 hac
797 581 890 622 luce
911 581 1043 621 diem'
1067 595 1102 622 si
1123 581 1241 623 nulla
1261 581 1445 623 dedisset

438 637 539 679 Non
561 639 757 678 exoratus
777 637 981 690 praestita
1002 637 1278 690 supplicibus.

382 694 506 735 Alter
527 693 585 734 ait
605 693 803 746 princeps
824 692 991 734 modico
1014 707 1205 734 sermone
1226 695 1356 747 poeta

439 748 695 790 Commodus
716 749 937 803 Augustus
959 748 1024 788 1111·
1043 749 1202 802 pietate
1222 749 1380 790 bonus:

384 809 394 826 ⁶
407 805 564 846 Nobile
584 807 856 858 praeceptum
877 806 1062 845 rectores
1084 804 1231 845 discite
1253 807 1350 858 post
1370 818 1457 846 me:

302 869 367 901 190
444 860 509 901 Sit
528 860 699 901 bonus
688 874 734 900 in
754 860 844 900 uita
864 860 936 914 qui
957 860 1075 901 uolet
1094 874 1184 901 esse
1205 860 1345 901 deus'.

382 916 493 958 Ecce
515 916 616 970 quid
636 915 844 970 impendit
864 915 1030 956 homini
1051 916 1275 957 clementia
1295 893 1487 970 simplex,

441 972 500 1013 [t
520 975 708 1026 praestet
728 972 841 1013 bona
863 971 967 1013 dans
989 972 1181 1013 conseiat
1201 975 1328 1035 atque
1350 972 1530 1013 animae.

382 1028 448 1069 Ne
470 1028 600 1069 facias
621 1028 828 1091 populum
848 1027 1115 1081 mendacem,
1141 1028 1213 1082 qui
1234 1028 1313 1069 tibi
1335 1028 1490 1070 elamat

440 1083 660 1125 Uocibus
649 1084 916 1125 mnumeris‘
928 1098 1001 1125 rex
1023 1084 1303 1138 dominusque
1324 1084 1464 1138 pius':

302 1149 365 1180 195
387 1139 448 1182 Ut
467 1155 550 1181 uox
572 1154 672 1181 uera
693 1143 818 1181 sonat
838 1140 1082 1194 ‘dominus'
1104 1155 1163 1181 Sle
1185 1154 1286 1180 uera
1307 1144 1432 1194 ‘plus’
1455 1139 1523 1183 sit.

440 1196 596 1237 Orbis
585 1211 630 1237 111
652 1210 724 1238 ore
745 1196 863 1237 uolat
883 1196 1055 1250 puplica
1074 1210 1192 1237 merx
1212 1210 1450 1250 procerum.

381 1252 515 1293 Fama
535 1252 688 1293 ducum
708 1267 797 1293 non
819 1256 881 1293 est
902 1252 1024 1293 bellis
1045 1252 1223 1293 collecta
1244 1252 1430 1293 cruentis

439 1308 505 1349 Ex
526 1309 680 1362 quibus
703 1308 885 1349 occurrit
908 1322 1032 1362 saepe
1053 1312 1193 1349 reat-us
1215 1310 1337 1349 atrox

385 1363 533 1405 Gloria
552 1363 774 1417 bellorum,
797 1364 973 1405 ducibus
993 1364 1247 1418 populisque
1268 1363 1509 1418 triumphos

300 1428 366 1459 200
442 1419 493 1460 ln
514 1434 737 1461 commune
760 1419 878 1461 datos
901 1420 1053 1461 diuidit
1073 1420 1355 1474 armipotens:

382 1474 494 1517 Nam
517 1476 692 1518 ducibus
713 1476 814 1517 solis
835 1479 1021 1530 praestat
1042 1476 1266 1517 clementia
1287 1475 1467 1528 laudem,

439 1531 541 1573 Non
562 1532 691 1573 habet
712 1532 815 1574 haec
837 1533 1033 1574 comitem
1055 1532 1389 1586 participemque
1409 1546 1440 1573 n
1443 1534 1552 1629 θὶῗέδΐ..

385 1587 500 1629 Dicit
521 1589 580 1629 ε111
603 1603 719 1629 arma
740 1602 861 1642 pares
882 1589 1040 1629 fuimus
1063 1603 1157 1629 cum
1177 1588 1386 1642 principe*
1408 1603 1451 1628 111

441 1649 451 1666 “
466 1643 535 1684 Me
556 1647 775 1699 pugnante
798 1659 957 1697 comes
979 1645 1117 1685 uictm
1137 1644 1189 1685 ab
1210 1643 1332 1685 hoste
1353 1643 1495 1685 redis'.

299 1707 364 1739 205
384 1699 426 1741 N
428 1700 590 1754 unquld
610 1705 657 1741 ut
678 1701 873 1754 ignoscat
892 1704 1031 1741 rector
1050 1714 1147 1753 pars
1169 1699 1315 1741 militis
1337 1700 1501 1741 intrat?

441 1755 530 1797 Soli
552 1756 624 1809 qui
646 1756 830 1811 ignoscit
851 1756 989 1810 gloria
1010 1755 1144 1797 laudis
1167 1756 1258 1796 erit.

386 1810 467 1860 Qui
488 1811 608 1865 fodit,
631 1812 832 1853 aduersus
853 1812 996 1853 hostes
1018 1812 1248 1853 celtamina
1270 1810 1420 1852 Martis

388 2004 449 2035 181
477 2004 604 2035 Christi
633 2014 747 2036 nomen
774 2005 822 2035 sic
852 2004 1012 2035 scribitur·
1044 2008 1078 2035 ut
1103 2015 1133 2037 u.
1164 2005 1224 2036 123
1334 2004 1397 2036 185
1427 2003 1473 2044 cf.
1499 2002 1583 2035 Sue-

297 2053 354 2081 ton
383 2048 452 2080 Tic.
479 2049 499 2080 8
595 2050 656 2081 187
681 2051 847 2090 per-mirus
872 2050 1001 2091 quidem
1028 2050 1089 2080 isle
1116 2048 1254 2081 modico
1280 2057 1446 2080 sermone
1472 2050 1584 2090 poeta

296 2097 406 2124 tamen
443 2093 535 2124 hauri
569 2096 638 2125 scio
678 2104 750 2125 num
793 2104 862 2124 rum
901 2095 1049 2125 Areualo
1087 2099 1120 2125 et
1161 2094 1375 2134 interpolatis
1411 2095 1466 2124 uel
1500 2101 1583 2135 pro-

296 2138 404 2170 batus
440 2143 496 2169 aut
532 2138 698 2179 profatur
733 2141 787 2170 uel
819 2139 924 2170 simile
951 2139 1160 2170 scribendum
1184 2139 1228 2169 sil
1322 2138 1385 2169 195
1411 2141 1516 2169 sonet

299 2183 363 2214 197
389 2192 464 2214 mos
496 2184 694 2224 interpolati
718 2193 823 2214 mom.
857 2184 1026 2215 Arenalus
1053 2194 1151 2215 merx
1177 2193 1267 2215 corr.
1297 2182 1424 2217 Bnech.
1517 2182 1585 2214 205

297 2227 414 2259 instat
448 2229 588 2268 scripsit
619 2229 787 2259 Areualus
816 2238 886 2259 cnm
925 2229 1140 2270 interpolatis
1170 2228 1285 2259 intrat
1316 2229 1400 2259 idem
1430 2227 1583 2266 coniecit,

296 2273 335 2303 id
358 2274 448 2314 quod
471 2274 591 2313 legitur
615 2275 647 2304 in
676 2273 840 2305 L'aticano
865 2274 980 2305 codice
1078 2274 1142 2305 207
1169 2273 1270 2305 fouet
1295 2273 1466 2305 Areualue
