1635 2522
619 145 1024 196 PRAEFATIO.

268 237 474 280 Draconti
512 235 700 277 carmina
737 235 872 275 adhuc
911 232 1072 274 inedita
1108 231 1292 285 Neapoli
1329 231 1459 272 latere

184 307 346 348 nupera
374 297 520 347 raptus
549 290 736 332 Helenae
765 289 893 331 editio
924 288 1163 341 Romana¹)
1195 301 1273 328 nos
1303 286 1459 339 docuit,

185 350 451 391 confirmavit
482 347 699 401 catalogus
729 345 870 401 regiae
900 343 1183 386 bibliothecae
1213 341 1458 396 Neapolita-

184 420 277 459 nae,
308 405 352 446 in
375 418 458 458 quo
481 403 530 444 de
560 405 707 444 nostro
728 400 935 443 Draconti
956 399 1097 441 codice
1128 399 1213 440 iam
1243 412 1356 439 anno
1386 397 1463 438 hu-

185 461 250 502 ius
281 460 436 502 saeculi
474 459 674 500 vicesimo
713 457 892 511 septimo
932 456 1057 510 plene
1095 455 1273 496 relatum
1311 454 1460 505 erat2).

184 518 326 570 Atque
347 515 535 557 Helenae
566 517 712 567 raptus
738 527 833 554 cum
864 514 1033 566 poetam
1064 511 1270 551 indicaret
1291 508 1462 550 doctum

185 586 319 626 eoque
345 571 416 625 qui
447 570 634 612 carmina
669 569 769 609 fecit
800 568 1031 609 christiana
1062 567 1096 607 si
1127 580 1216 607 non
1244 565 1463 606 meliorem

185 630 297 669 certe
328 625 620 678 eruditiorem,
658 638 786 678 porro
826 623 878 664 ad
918 623 1137 664 literarum
1177 624 1218 662 et
1256 621 1462 662 sermonis

184 682 378 724 Africani
408 681 605 723 notitiam
634 678 968 734 promovendam
1003 678 1150 719 utilem
1192 690 1328 730 neque
1360 676 1466 717 indi-

185 752 317 794 gnum
338 738 456 779 cuius
478 736 666 778 carmina
686 736 731 776 in
754 735 892 776 lucem
912 733 1274 788 protraherentur,
1297 731 1465 786 Jeapo-

185 795 246 835 lin
266 793 482 848 profectus
505 791 704 845 descripsi
724 805 831 845 quae
847 790 961 844 typis
982 803 1097 831 nunc
1118 788 1234 830 vides
1256 801 1476 841 expressa.-

289 848 431 891 Codex
491 851 553 889 est
602 847 885 888 bibliothecae
934 845 1166 887 nationalis
1222 843 1286 885 IV
1313 843 1350 885 E
1408 844 1464 884 48

185 905 431 946 chartaceus
476 904 520 944 in
564 903 669 944 folio
710 903 890 956 scriptus
935 901 1101 943 saeculo
1133 899 1215 941 XV
1245 899 1464 940 desinente

185 961 252 1001 vel
282 959 386 1002 XVI
416 960 602 1000 ineunte.
644 958 847 1000 Continet
877 960 1019 998 autem
1049 955 1166 999 CXV
1196 955 1365 1010 paginis
1396 955 1463 995 de-

185 1030 275 1057 cem
305 1015 511 1057 Draconti
551 1015 738 1056 carmina
769 1017 810 1055 et
847 1013 998 1054 decimi
1036 1011 1331 1067 apographum
1361 1011 1463 1052 alte-

185 1086 298 1125 rum,
338 1071 485 1112 eodem
516 1085 600 1125 quo
638 1084 717 1112 nos
763 1069 911 1111 excudi
950 1069 1148 1110 iussimus
1188 1067 1335 1109 ordine
1373 1081 1465 1120 per-

185 1127 352 1181 scripta.
414 1126 566 1167 Titulis
607 1125 989 1179 subscriptionibus
1022 1124 1210 1165 numeris
1255 1123 1338 1164 alia
1381 1137 1468 1163 ma-

184 1197 264 1224 nus
309 1186 545 1224 atramento
580 1182 716 1236 magis
759 1182 884 1236 nigro
924 1195 999 1222 usa
1043 1179 1269 1221 intervalla
1314 1178 1467 1232 quibus

186 1239 374 1279 carmina
410 1238 477 1279 vel
517 1238 753 1279 carminum
791 1240 932 1291 partes
970 1239 1221 1290 separantur
1257 1233 1463 1288 implevit.

126 1327 128 1330 .
186 1293 267 1336 Sed
297 1308 369 1336 eos
398 1308 597 1335 numeros
629 1293 781 1348 quibus
803 1292 988 1334 decimus
1019 1292 1196 1346 quisque
1217 1304 1361 1332 versus
1391 1304 1466 1331 no-

184 1353 300 1391 tatur
330 1349 475 1391 eadem
503 1364 654 1390 manus
685 1349 925 1403 adpinxisse
947 1347 1115 1389 videtur
1135 1361 1243 1401 quae
1275 1346 1463 1388 carmina

184 1420 340 1447 novem
360 1405 503 1460 priora
525 1408 566 1447 et
581 1404 732 1446 decimi
751 1429 799 1434 -
815 1403 1053 1445 Medeae—
1074 1402 1369 1458 apographum
1392 1415 1465 1455 po-

185 1462 336 1503 sterius
368 1461 556 1502 exaravit
593 1461 694 1502 satis
723 1460 837 1501 bona
874 1463 1001 1514 atque
1032 1459 1225 1514 diligens.
1272 1458 1466 1499 Priorem

184 1531 284 1559 vero
326 1516 519 1558 Medeam
558 1531 664 1570 quae
709 1516 877 1570 scripsit
920 1530 1070 1556 manus
1108 1516 1153 1556 in
1191 1514 1338 1556 charta
1383 1513 1466 1554 exi-

183 1573 290 1614 liore
328 1572 535 1627 serpentis
566 1572 688 1628 signo
719 1575 888 1625 notata,
927 1571 1063 1626 magis
1093 1571 1233 1612 fluitat
1273 1574 1315 1611 et
1345 1570 1465 1624 quasi

184 1629 295 1683 rapit
343 1629 487 1670 literas
532 1643 669 1682 neque
714 1628 922 1669 linearum
969 1630 1131 1668 certum
1176 1625 1367 1667 ordinem
1406 1639 1466 1666 se-

185 1685 330 1739 quitur
359 1691 433 1725 aut
463 1684 645 1738 speciem
674 1684 909 1738 faciemque
940 1683 1119 1724 nitidam
1151 1685 1280 1724 curat.
1328 1680 1466 1730 Quare

183 1755 272 1781 non
309 1744 373 1782 est
409 1740 523 1795 quod
560 1740 763 1781 miremur
801 1754 896 1781 eum
935 1739 1007 1793 qui
1046 1738 1281 1793 possederit
1310 1737 1466 1778 librum

184 1800 257 1837 aut
295 1796 614 1850 conscripserit,
655 1795 949 1851 apographum
989 1795 1116 1849 paulo
1154 1793 1330 1848 politius
1371 1793 1467 1834 sub-

183 1852 384 1895 iunxisse.
434 1851 545 1893 Nam
576 1851 714 1893 solum
743 1852 860 1906 prius
892 1851 1106 1905 exemplar
1137 1849 1377 1891 adeundum
1400 1852 1466 1890 est

183 1905 320 1962 neq'ue
358 1907 446 1949 ulla
485 1907 607 1949 alteri
645 1908 715 1948 isti
753 1907 855 1948 fides
893 1906 1118 1948 tribuenda
1156 1906 1312 1960 quippe
1351 1903 1468 1959 quod

183 1977 271 2005 non
303 1962 489 2004 discedat
519 1978 544 2004 a
573 1964 712 2017 priore
743 1963 826 2004 nisi
859 1963 931 2004 ubi
964 1962 1029 2003 vel
1063 1962 1209 2004 oculus
1251 1961 1317 2002 vel
1358 1960 1467 2002 cala-

183 2033 276 2060 mus
306 2019 468 2061 scribae
499 2019 641 2073 lapsus
672 2019 726 2060 sit
756 2033 910 2062 errore.

277 2087 309 2129 1)
341 2088 534 2130 Appendix
567 2088 611 2120 ad
644 2098 757 2130 opera
790 2087 890 2120 edita
931 2088 975 2119 ab
1009 2087 1148 2129 Angelo
1178 2087 1287 2120 Maio.
1329 2086 1466 2118 Romae

183 2131 472 2165 MDCCCLXXI
501 2144 534 2175 p.
566 2135 605 2166 10
630 2143 706 2175 sqq.

273 2176 308 2218 2)
340 2177 541 2223 Catalogus
571 2177 822 2210 Bibliothecae
854 2178 1012 2209 Latinae
1043 2177 1180 2209 veteris
1211 2182 1249 2208 et
1280 2175 1462 2208 classicae

183 2223 454 2264 manuscriptae
465 2232 556 2264 quae
571 2223 607 2254 in
624 2223 724 2264 regio
733 2222 977 2264 Neapolitano
991 2222 1116 2254 Museo
1127 2221 1328 2254 Borbonico
1343 2220 1464 2252 adser-

182 2270 290 2298 vatur
314 2266 517 2309 descriptus
544 2278 564 2298 a
582 2266 736 2299 Cataldo
756 2267 948 2300 Iannellio.
987 2266 1139 2309 Neapoli
1157 2264 1464 2298 MDCCCXXVII

183 2322 219 2353 p.
248 2313 312 2344 172
338 2321 416 2354 sqq.
1131 2335 1134 2337 ,

1145 2367 1194 2399 a*
