<?xml version="1.0" encoding="UTF-8"?>
<!DOCTYPE html PUBLIC "-//W3C//DTD XHTML 1.0 Transitional//EN"
    "http://www.w3.org/TR/xhtml1/DTD/xhtml1-transitional.dtd">
<html xmlns="http://www.w3.org/1999/xhtml" xml:lang="en" lang="en">
 <head>
  <title>
</title>
<meta http-equiv="Content-Type" content="text/html;charset=utf-8" />
  <meta name='ocr-system' content='tesseract 3.04.00' />
  <meta name='ocr-capabilities' content='ocr_page ocr_carea ocr_par ocr_line ocrx_word'/>
</head>
<body>
  <div class='ocr_page' id='page_1' title='image "./carminaminoraplu00dracuoft_0049.png"; bbox 0 0 1635 2522; ppageno 0'>
   <div class='ocr_carea' id='block_1_1' title="bbox 573 96 1359 137">
    <p class='ocr_par' dir='ltr' id='par_1_1' title="bbox 573 96 1359 137">
     <span class='ocr_line' id='line_1_1' title="bbox 573 96 1359 137; baseline 0.004 -3"><span class='ocrx_word' id='word_1_1' title='bbox 573 102 662 135; x_wconf 86' lang='lat' dir='ltr'>vm</span> <span class='ocrx_word' id='word_1_2' title='bbox 689 102 864 134; x_wconf 78' lang='lat'><strong>173—234</strong></span> <span class='ocrx_word' id='word_1_3' title='bbox 1307 96 1359 137; x_wconf 86' lang='lat'>37</span> 
     </span>
    </p>
   </div>
   <div class='ocr_carea' id='block_1_2' title="bbox 14 196 1479 2043">
    <p class='ocr_par' dir='ltr' id='par_1_2' title="bbox 14 196 1479 1762">
     <span class='ocr_line' id='line_1_2' title="bbox 171 196 1362 259; baseline -0.01 -12"><span class='ocrx_word' id='word_1_4' title='bbox 171 205 305 254; x_wconf 87' lang='lat' dir='ltr'><strong>Quem</strong></span> <span class='ocrx_word' id='word_1_5' title='bbox 327 202 483 246; x_wconf 83' lang='lat' dir='ltr'>Clotho</span> <span class='ocrx_word' id='word_1_6' title='bbox 506 215 631 256; x_wconf 88' lang='lat' dir='ltr'>quem</span> <span class='ocrx_word' id='word_1_7' title='bbox 653 199 851 241; x_wconf 82' lang='lat' dir='ltr'>Lachesis</span> <span class='ocrx_word' id='word_1_8' title='bbox 880 211 1004 252; x_wconf 89' lang='lat' dir='ltr'>quem</span> <span class='ocrx_word' id='word_1_9' title='bbox 1026 196 1215 259; x_wconf 76' lang='lat' dir='ltr'>uindicat</span> <span class='ocrx_word' id='word_1_10' title='bbox 1238 197 1362 236; x_wconf 87' lang='lat' dir='ltr'>Atro-</span> 
     </span>
     <span class='ocr_line' id='line_1_3' title="bbox 1023 265 1285 307; baseline -0.011 -13"><span class='ocrx_word' id='word_1_11' title='bbox 1023 267 1101 307; x_wconf 86' lang='lat' dir='ltr'>pos</span> <span class='ocrx_word' id='word_1_12' title='bbox 1122 265 1285 307; x_wconf 89' lang='lat' dir='ltr'>mgens.</span> 
     </span>
     <span class='ocr_line' id='line_1_4' title="bbox 171 310 1145 370; baseline -0.009 -12"><span class='ocrx_word' id='word_1_13' title='bbox 171 315 361 358; x_wconf 88' lang='lat' dir='ltr'>Scindite</span> <span class='ocrx_word' id='word_1_14' title='bbox 383 313 550 370; x_wconf 82' lang='lat' dir='ltr'>pellitas</span> <span class='ocrx_word' id='word_1_15' title='bbox 571 312 698 353; x_wconf 87' lang='lat' dir='ltr'>niueo</span> <span class='ocrx_word' id='word_1_16' title='bbox 720 310 770 351; x_wconf 89' lang='lat' dir='ltr'>de</span> <span class='ocrx_word' id='word_1_17' title='bbox 790 312 961 364; x_wconf 78' lang='lat' dir='ltr'>pectore</span> <span class='ocrx_word' id='word_1_18' title='bbox 985 311 1145 361; x_wconf 88' lang='lat' dir='ltr'>uestes,</span> 
     </span>
     <span class='ocr_line' id='line_1_5' title="bbox 15 360 1216 419; baseline -0.008 -5"><span class='ocrx_word' id='word_1_19' title='bbox 15 360 37 409; x_wconf 46' lang='grc' dir='ltr'><strong><em>Γ</em></strong></span> <span class='ocrx_word' id='word_1_20' title='bbox 83 381 150 413; x_wconf 80' lang='lat'>205</span> <span class='ocrx_word' id='word_1_21' title='bbox 168 371 330 413; x_wconf 89' lang='lat' dir='ltr'>Murice</span> <span class='ocrx_word' id='word_1_22' title='bbox 352 383 524 411; x_wconf 86' lang='lat' dir='ltr'>serrano</span> <span class='ocrx_word' id='word_1_23' title='bbox 547 367 726 409; x_wconf 80' lang='lat' dir='ltr'><strong>rutilans</strong></span> <span class='ocrx_word' id='word_1_24' title='bbox 746 366 860 406; x_wconf 84' lang='lat' dir='ltr'>hune</span> <span class='ocrx_word' id='word_1_25' title='bbox 882 379 1070 419; x_wconf 86' lang='lat' dir='ltr'>purpura</span> <span class='ocrx_word' id='word_1_26' title='bbox 1091 364 1216 405; x_wconf 85' lang='lat' dir='ltr'>uelet.</span> 
     </span>
     <span class='ocr_line' id='line_1_6' title="bbox 23 418 1305 481; baseline -0.009 -10"><span class='ocrx_word' id='word_1_27' title='bbox 23 462 38 471; x_wconf 79' lang='grc'><em>.</em></span> <span class='ocrx_word' id='word_1_28' title='bbox 167 427 258 469; x_wconf 88' lang='lat' dir='ltr'>Nec</span> <span class='ocrx_word' id='word_1_29' title='bbox 278 425 436 481; x_wconf 88' lang='lat' dir='ltr'>pudeat</span> <span class='ocrx_word' id='word_1_30' title='bbox 457 424 570 479; x_wconf 90' lang='lat' dir='ltr'>quod</span> <span class='ocrx_word' id='word_1_31' title='bbox 589 423 709 477; x_wconf 88' lang='lat' dir='ltr'>pauit</span> <span class='ocrx_word' id='word_1_32' title='bbox 729 436 851 464; x_wconf 90' lang='lat' dir='ltr'>oues:</span> <span class='ocrx_word' id='word_1_33' title='bbox 882 435 960 476; x_wconf 88' lang='lat' dir='ltr'>ego</span> <span class='ocrx_word' id='word_1_34' title='bbox 983 424 1127 474; x_wconf 84' lang='lat' dir='ltr'>pastor</span> <span class='ocrx_word' id='word_1_35' title='bbox 1148 418 1305 474; x_wconf 90' lang='lat' dir='ltr'>Apollo</span> 
     </span>
     <span class='ocr_line' id='line_1_7' title="bbox 14 475 1284 541; baseline -0.009 -15"><span class='ocrx_word' id='word_1_36' title='bbox 14 478 41 541; x_wconf 54' lang='grc' dir='ltr'><strong>ᾗ</strong></span> <span class='ocrx_word' id='word_1_37' title='bbox 168 483 265 537; x_wconf 91' lang='lat' dir='ltr'>Ipse</span> <span class='ocrx_word' id='word_1_38' title='bbox 287 482 350 523; x_wconf 89' lang='lat' dir='ltr'>fui</span> <span class='ocrx_word' id='word_1_39' title='bbox 371 481 648 533; x_wconf 83' lang='lat' dir='ltr'>domibusque</span> <span class='ocrx_word' id='word_1_40' title='bbox 670 492 826 520; x_wconf 90' lang='lat' dir='ltr'>canens</span> <span class='ocrx_word' id='word_1_41' title='bbox 846 491 974 531; x_wconf 90' lang='lat' dir='ltr'>pecus</span> <span class='ocrx_word' id='word_1_42' title='bbox 997 491 1121 517; x_wconf 90' lang='lat' dir='ltr'>omne</span> <span class='ocrx_word' id='word_1_43' title='bbox 1143 475 1284 530; x_wconf 88' lang='lat' dir='ltr'>coegi,</span> 
     </span>
     <span class='ocr_line' id='line_1_8' title="bbox 27 532 1208 592; baseline -0.008 -10"><span class='ocrx_word' id='word_1_44' title='bbox 27 536 37 549; x_wconf 72' lang='lat'>&#39;&#39;</span> <span class='ocrx_word' id='word_1_45' title='bbox 172 538 280 581; x_wconf 84' lang='lat' dir='ltr'>Cum</span> <span class='ocrx_word' id='word_1_46' title='bbox 301 537 450 592; x_wconf 87' lang='lat' dir='ltr'>procul</span> <span class='ocrx_word' id='word_1_47' title='bbox 471 551 497 577; x_wconf 90' lang='lat' dir='ltr'>a</span> <span class='ocrx_word' id='word_1_48' title='bbox 515 536 619 576; x_wconf 90' lang='lat' dir='ltr'>uilla</span> <span class='ocrx_word' id='word_1_49' title='bbox 639 533 849 575; x_wconf 78' lang='lat' dir='ltr'><strong>fumantia</strong></span> <span class='ocrx_word' id='word_1_50' title='bbox 869 536 980 574; x_wconf 87' lang='lat' dir='ltr'>tecta</span> <span class='ocrx_word' id='word_1_51' title='bbox 1001 532 1208 585; x_wconf 84' lang='lat' dir='ltr'>uiderem,</span> 
     </span>
     <span class='ocr_line' id='line_1_9' title="bbox 173 587 1264 644; baseline -0.007 -9"><span class='ocrx_word' id='word_1_52' title='bbox 173 594 389 635; x_wconf 87' lang='lat' dir='ltr'>Alcestam</span> <span class='ocrx_word' id='word_1_53' title='bbox 410 592 487 634; x_wconf 89' lang='lat' dir='ltr'>sub</span> <span class='ocrx_word' id='word_1_54' title='bbox 508 594 634 632; x_wconf 87' lang='lat' dir='ltr'>nocte</span> <span class='ocrx_word' id='word_1_55' title='bbox 655 604 815 644; x_wconf 86' lang='lat' dir='ltr'>pauens</span> <span class='ocrx_word' id='word_1_56' title='bbox 836 589 938 630; x_wconf 85' lang='lat' dir='ltr'>deus</span> <span class='ocrx_word' id='word_1_57' title='bbox 960 589 1091 629; x_wconf 88' lang='lat' dir='ltr'>ubera</span> <span class='ocrx_word' id='word_1_58' title='bbox 1110 587 1264 642; x_wconf 90' lang='lat' dir='ltr'>pressi,</span> 
     </span>
     <span class='ocr_line' id='line_1_10' title="bbox 85 645 1312 698; baseline -0.007 -7"><span class='ocrx_word' id='word_1_59' title='bbox 85 659 154 691; x_wconf 83' lang='lat'>210</span> <span class='ocrx_word' id='word_1_60' title='bbox 171 650 376 690; x_wconf 89' lang='lat' dir='ltr'>Admetus</span> <span class='ocrx_word' id='word_1_61' title='bbox 396 648 605 689; x_wconf 75' lang='lat' dir='ltr'>intrantes</span> <span class='ocrx_word' id='word_1_62' title='bbox 626 645 783 687; x_wconf 90' lang='lat' dir='ltr'>haedos</span> <span class='ocrx_word' id='word_1_63' title='bbox 804 645 1055 686; x_wconf 88' lang='lat' dir='ltr'>numerabat</span> <span class='ocrx_word' id='word_1_64' title='bbox 1076 647 1119 685; x_wconf 88' lang='lat' dir='ltr'>et</span> <span class='ocrx_word' id='word_1_65' title='bbox 1139 657 1288 698; x_wconf 85' lang='lat' dir='ltr'>agnos.</span> <span class='ocrx_word' id='word_1_66' title='bbox 1301 645 1312 663; x_wconf 76' lang='lat'>²</span> 
     </span>
     <span class='ocr_line' id='line_1_11' title="bbox 170 700 1293 746; baseline -0.007 1"><span class='ocrx_word' id='word_1_67' title='bbox 170 704 349 746; x_wconf 78' lang='lat' dir='ltr'>Dixerat</span> <span class='ocrx_word' id='word_1_68' title='bbox 369 707 412 745; x_wconf 92' lang='lat' dir='ltr'>et</span> <span class='ocrx_word' id='word_1_69' title='bbox 432 702 653 744; x_wconf 89' lang='lat' dir='ltr'>Phoebum</span> <span class='ocrx_word' id='word_1_70' title='bbox 675 701 868 742; x_wconf 82' lang='lat' dir='ltr'>Priamus</span> <span class='ocrx_word' id='word_1_71' title='bbox 889 700 1122 741; x_wconf 88' lang='lat' dir='ltr'>submissus</span> <span class='ocrx_word' id='word_1_72' title='bbox 1143 700 1293 740; x_wconf 89' lang='lat' dir='ltr'>adorat</span> 
     </span>
     <span class='ocr_line' id='line_1_12' title="bbox 168 755 1242 815; baseline -0.006 -13"><span class='ocrx_word' id='word_1_73' title='bbox 168 761 227 802; x_wconf 90' lang='lat' dir='ltr'>Et</span> <span class='ocrx_word' id='word_1_74' title='bbox 246 764 388 815; x_wconf 82' lang='lat' dir='ltr'>grates</span> <span class='ocrx_word' id='word_1_75' title='bbox 409 773 580 801; x_wconf 87' lang='lat' dir='ltr'>securus</span> <span class='ocrx_word' id='word_1_76' title='bbox 601 757 709 812; x_wconf 85' lang='lat' dir='ltr'>agit,</span> <span class='ocrx_word' id='word_1_77' title='bbox 731 759 844 798; x_wconf 88' lang='lat' dir='ltr'>tacet</span> <span class='ocrx_word' id='word_1_78' title='bbox 865 756 1050 810; x_wconf 90' lang='lat' dir='ltr'>optimus</span> <span class='ocrx_word' id='word_1_79' title='bbox 1071 755 1242 796; x_wconf 86' lang='lat' dir='ltr'>Hector.</span> 
     </span>
     <span class='ocr_line' id='line_1_13' title="bbox 170 811 1270 871; baseline -0.005 -13"><span class='ocrx_word' id='word_1_80' title='bbox 170 816 261 858; x_wconf 90' lang='lat' dir='ltr'>Iam</span> <span class='ocrx_word' id='word_1_81' title='bbox 283 829 416 871; x_wconf 87' lang='lat' dir='ltr'>regno</span> <span class='ocrx_word' id='word_1_82' title='bbox 438 829 527 856; x_wconf 90' lang='lat' dir='ltr'>non</span> <span class='ocrx_word' id='word_1_83' title='bbox 548 814 685 867; x_wconf 83' lang='lat' dir='ltr'>impar</span> <span class='ocrx_word' id='word_1_84' title='bbox 706 815 814 865; x_wconf 85' lang='lat' dir='ltr'>erat,</span> <span class='ocrx_word' id='word_1_85' title='bbox 837 813 910 854; x_wconf 89' lang='lat' dir='ltr'>sed</span> <span class='ocrx_word' id='word_1_86' title='bbox 931 815 1096 866; x_wconf 85' lang='lat' dir='ltr'>sceptra</span> <span class='ocrx_word' id='word_1_87' title='bbox 1117 811 1270 852; x_wconf 88' lang='lat' dir='ltr'>tiaram</span> 
     </span>
     <span class='ocr_line' id='line_1_14' title="bbox 41 867 1225 926; baseline -0.005 -12"><span class='ocrx_word' id='word_1_88' title='bbox 41 919 44 922; x_wconf 17' lang='lat'><strong>⁴</strong></span> <span class='ocrx_word' id='word_1_89' title='bbox 170 872 403 926; x_wconf 86' lang='lat' dir='ltr'>Imperium</span> <span class='ocrx_word' id='word_1_90' title='bbox 424 871 590 912; x_wconf 84' lang='lat' dir='ltr'>trabeas</span> <span class='ocrx_word' id='word_1_91' title='bbox 612 871 696 910; x_wconf 89' lang='lat' dir='ltr'>iam</span> <span class='ocrx_word' id='word_1_92' title='bbox 717 872 814 923; x_wconf 88' lang='lat' dir='ltr'>post</span> <span class='ocrx_word' id='word_1_93' title='bbox 835 868 1013 909; x_wconf 86' lang='lat' dir='ltr'>caeleste</span> <span class='ocrx_word' id='word_1_94' title='bbox 1035 867 1225 909; x_wconf 89' lang='lat' dir='ltr'>tribunal</span> 
     </span>
     <span class='ocr_line' id='line_1_15' title="bbox 84 923 1243 980; baseline -0.003 -12"><span class='ocrx_word' id='word_1_95' title='bbox 84 937 151 968; x_wconf 75' lang='lat'>215</span> <span class='ocrx_word' id='word_1_96' title='bbox 173 927 331 970; x_wconf 89' lang='lat' dir='ltr'>Totum</span> <span class='ocrx_word' id='word_1_97' title='bbox 352 927 444 977; x_wconf 70' lang='lat' dir='ltr'>uile,</span> <span class='ocrx_word' id='word_1_98' title='bbox 457 929 600 980; x_wconf 89' lang='lat' dir='ltr'>putat,</span> <span class='ocrx_word' id='word_1_99' title='bbox 622 925 755 966; x_wconf 91' lang='lat' dir='ltr'>solam</span> <span class='ocrx_word' id='word_1_100' title='bbox 777 924 895 977; x_wconf 85' lang='lat' dir='ltr'>cupit</span> <span class='ocrx_word' id='word_1_101' title='bbox 915 923 1066 965; x_wconf 85' lang='lat' dir='ltr'>addere</span> <span class='ocrx_word' id='word_1_102' title='bbox 1087 924 1243 964; x_wconf 85' lang='lat' dir='ltr'>famam</span> 
     </span>
     <span class='ocr_line' id='line_1_16' title="bbox 173 979 1166 1035; baseline -0.005 -10"><span class='ocrx_word' id='word_1_103' title='bbox 173 983 386 1025; x_wconf 91' lang='lat' dir='ltr'>Maiorum</span> <span class='ocrx_word' id='word_1_104' title='bbox 408 982 566 1035; x_wconf 90' lang='lat' dir='ltr'>titulis,</span> <span class='ocrx_word' id='word_1_105' title='bbox 588 981 758 1022; x_wconf 89' lang='lat' dir='ltr'>uiuaces</span> <span class='ocrx_word' id='word_1_106' title='bbox 780 994 981 1034; x_wconf 82' lang='lat' dir='ltr'>quaerere</span> <span class='ocrx_word' id='word_1_107' title='bbox 1003 979 1166 1032; x_wconf 90' lang='lat' dir='ltr'>laudes,</span> 
     </span>
     <span class='ocr_line' id='line_1_17' title="bbox 173 1035 1251 1093; baseline -0.006 -12"><span class='ocrx_word' id='word_1_108' title='bbox 173 1039 233 1081; x_wconf 91' lang='lat' dir='ltr'>Ut</span> <span class='ocrx_word' id='word_1_109' title='bbox 254 1039 362 1080; x_wconf 89' lang='lat' dir='ltr'>celet</span> <span class='ocrx_word' id='word_1_110' title='bbox 385 1038 498 1093; x_wconf 89' lang='lat' dir='ltr'>quod</span> <span class='ocrx_word' id='word_1_111' title='bbox 519 1040 665 1091; x_wconf 88' lang='lat' dir='ltr'>pastor</span> <span class='ocrx_word' id='word_1_112' title='bbox 690 1039 790 1077; x_wconf 89' lang='lat' dir='ltr'>erat.</span> <span class='ocrx_word' id='word_1_113' title='bbox 833 1036 904 1076; x_wconf 82' lang='lat' dir='ltr'>uix</span> <span class='ocrx_word' id='word_1_114' title='bbox 925 1035 1091 1077; x_wconf 88' lang='lat' dir='ltr'>uiderat</span> <span class='ocrx_word' id='word_1_115' title='bbox 1111 1035 1251 1076; x_wconf 89' lang='lat' dir='ltr'>aulam</span> 
     </span>
     <span class='ocr_line' id='line_1_18' title="bbox 170 1092 1183 1150; baseline -0.004 -14"><span class='ocrx_word' id='word_1_116' title='bbox 170 1094 319 1150; x_wconf 85' lang='lat' dir='ltr'>Regis,</span> <span class='ocrx_word' id='word_1_117' title='bbox 343 1098 385 1136; x_wconf 88' lang='lat' dir='ltr'>et</span> <span class='ocrx_word' id='word_1_118' title='bbox 400 1094 549 1136; x_wconf 89' lang='lat' dir='ltr'>Iliacas</span> <span class='ocrx_word' id='word_1_119' title='bbox 571 1092 737 1147; x_wconf 89' lang='lat' dir='ltr'>quaerit</span> <span class='ocrx_word' id='word_1_120' title='bbox 756 1106 832 1146; x_wconf 91' lang='lat' dir='ltr'>per</span> <span class='ocrx_word' id='word_1_121' title='bbox 852 1092 979 1133; x_wconf 88' lang='lat' dir='ltr'>litora</span> <span class='ocrx_word' id='word_1_122' title='bbox 999 1106 1183 1146; x_wconf 88' lang='lat' dir='ltr'>puppes,</span> 
     </span>
     <span class='ocr_line' id='line_1_19' title="bbox 169 1147 1229 1205; baseline -0.004 -13"><span class='ocrx_word' id='word_1_123' title='bbox 169 1152 388 1205; x_wconf 80' lang='lat' dir='ltr'>Aegaeum</span> <span class='ocrx_word' id='word_1_124' title='bbox 410 1150 574 1191; x_wconf 89' lang='lat' dir='ltr'>sulcare</span> <span class='ocrx_word' id='word_1_125' title='bbox 596 1149 751 1189; x_wconf 89' lang='lat' dir='ltr'>fretum</span> <span class='ocrx_word' id='word_1_126' title='bbox 773 1148 857 1189; x_wconf 89' lang='lat' dir='ltr'>iam</span> <span class='ocrx_word' id='word_1_127' title='bbox 879 1150 1020 1189; x_wconf 90' lang='lat' dir='ltr'>mente</span> <span class='ocrx_word' id='word_1_128' title='bbox 1041 1147 1229 1201; x_wconf 87' lang='lat' dir='ltr'>parabat.</span> 
     </span>
     <span class='ocr_line' id='line_1_20' title="bbox 84 1203 1308 1260; baseline -0.002 -13"><span class='ocrx_word' id='word_1_129' title='bbox 84 1216 152 1247; x_wconf 79' lang='lat'>220</span> <span class='ocrx_word' id='word_1_130' title='bbox 168 1205 238 1249; x_wconf 84' lang='lat' dir='ltr'>Sic</span> <span class='ocrx_word' id='word_1_131' title='bbox 259 1209 380 1260; x_wconf 89' lang='lat' dir='ltr'>pater</span> <span class='ocrx_word' id='word_1_132' title='bbox 400 1205 644 1259; x_wconf 89' lang='lat' dir='ltr'>adloquitur</span> <span class='ocrx_word' id='word_1_133' title='bbox 664 1205 862 1245; x_wconf 88' lang='lat' dir='ltr'>iuuenem</span> <span class='ocrx_word' id='word_1_134' title='bbox 885 1218 1078 1245; x_wconf 89' lang='lat' dir='ltr'>sermone</span> <span class='ocrx_word' id='word_1_135' title='bbox 1099 1203 1308 1245; x_wconf 89' lang='lat' dir='ltr'>uerendo:</span> 
     </span>
     <span class='ocr_line' id='line_1_21' title="bbox 172 1259 1284 1315; baseline -0.004 -11"><span class='ocrx_word' id='word_1_136' title='bbox 172 1261 306 1304; x_wconf 74' lang='lat' dir='ltr'>‘Nate</span> <span class='ocrx_word' id='word_1_137' title='bbox 327 1261 457 1303; x_wconf 85' lang='lat' dir='ltr'>redux</span> <span class='ocrx_word' id='word_1_138' title='bbox 478 1261 649 1315; x_wconf 90' lang='lat' dir='ltr'>pietatis</span> <span class='ocrx_word' id='word_1_139' title='bbox 670 1274 806 1312; x_wconf 89' lang='lat' dir='ltr'>amor,</span> <span class='ocrx_word' id='word_1_140' title='bbox 829 1261 966 1301; x_wconf 90' lang='lat' dir='ltr'>bonus</span> <span class='ocrx_word' id='word_1_141' title='bbox 988 1259 1146 1301; x_wconf 84' lang='lat' dir='ltr'>arbiter</span> <span class='ocrx_word' id='word_1_142' title='bbox 1165 1259 1284 1313; x_wconf 90' lang='lat' dir='ltr'>Idae,</span> 
     </span>
     <span class='ocr_line' id='line_1_22' title="bbox 170 1316 1479 1369; baseline -0.005 -10"><span class='ocrx_word' id='word_1_143' title='bbox 170 1317 251 1359; x_wconf 80' lang='lat' dir='ltr'>Die</span> <span class='ocrx_word' id='word_1_144' title='bbox 271 1318 345 1359; x_wconf 88' lang='lat' dir='ltr'>ubi</span> <span class='ocrx_word' id='word_1_145' title='bbox 365 1318 430 1359; x_wconf 90' lang='lat' dir='ltr'>uis</span> <span class='ocrx_word' id='word_1_146' title='bbox 452 1331 614 1358; x_wconf 86' lang='lat' dir='ltr'>armare</span> <span class='ocrx_word' id='word_1_147' title='bbox 635 1319 768 1369; x_wconf 83' lang='lat' dir='ltr'>rates,</span> <span class='ocrx_word' id='word_1_148' title='bbox 790 1316 863 1357; x_wconf 90' lang='lat' dir='ltr'>ubi</span> <span class='ocrx_word' id='word_1_149' title='bbox 885 1316 1058 1357; x_wconf 87' lang='lat' dir='ltr'>carbasa</span> <span class='ocrx_word' id='word_1_150' title='bbox 1077 1316 1227 1357; x_wconf 89' lang='lat' dir='ltr'>tendis.</span> <span class='ocrx_word' id='word_1_151' title='bbox 1375 1321 1479 1354; x_wconf 60' lang='grc' dir='ltr'><strong>[μω]</strong></span> 
     </span>
     <span class='ocr_line' id='line_1_23' title="bbox 168 1373 1322 1428; baseline -0.002 -13"><span class='ocrx_word' id='word_1_152' title='bbox 168 1373 392 1428; x_wconf 83' lang='lat' dir='ltr'>Nusquam</span> <span class='ocrx_word' id='word_1_153' title='bbox 411 1373 524 1415; x_wconf 88' lang='lat' dir='ltr'>bella</span> <span class='ocrx_word' id='word_1_154' title='bbox 543 1387 668 1426; x_wconf 88' lang='lat' dir='ltr'>paro,</span> <span class='ocrx_word' id='word_1_155' title='bbox 690 1386 870 1427; x_wconf 88' lang='lat' dir='ltr'>regnum</span> <span class='ocrx_word' id='word_1_156' title='bbox 893 1373 969 1413; x_wconf 88' lang='lat' dir='ltr'>sub</span> <span class='ocrx_word' id='word_1_157' title='bbox 991 1386 1094 1426; x_wconf 88' lang='lat' dir='ltr'>pace</span> <span class='ocrx_word' id='word_1_158' title='bbox 1116 1373 1322 1427; x_wconf 88' lang='lat' dir='ltr'>guberno.</span> 
     </span>
     <span class='ocr_line' id='line_1_24' title="bbox 170 1429 1233 1483; baseline -0.002 -12"><span class='ocrx_word' id='word_1_159' title='bbox 170 1429 253 1471; x_wconf 81' lang='lat' dir='ltr'>Sed</span> <span class='ocrx_word' id='word_1_160' title='bbox 274 1430 308 1471; x_wconf 87' lang='lat' dir='ltr'>si</span> <span class='ocrx_word' id='word_1_161' title='bbox 330 1433 479 1483; x_wconf 87' lang='lat' dir='ltr'>torpor</span> <span class='ocrx_word' id='word_1_162' title='bbox 499 1429 612 1469; x_wconf 90' lang='lat' dir='ltr'>iners</span> <span class='ocrx_word' id='word_1_163' title='bbox 633 1429 770 1482; x_wconf 84' lang='lat' dir='ltr'>pudor</span> <span class='ocrx_word' id='word_1_164' title='bbox 790 1431 853 1469; x_wconf 81' lang='lat' dir='ltr'>est</span> <span class='ocrx_word' id='word_1_165' title='bbox 875 1431 917 1469; x_wconf 89' lang='lat' dir='ltr'>et</span> <span class='ocrx_word' id='word_1_166' title='bbox 936 1431 1060 1482; x_wconf 88' lang='lat' dir='ltr'>turpe</span> <span class='ocrx_word' id='word_1_167' title='bbox 1082 1442 1233 1469; x_wconf 87' lang='lat' dir='ltr'>uacare</span> 
     </span>
     <span class='ocr_line' id='line_1_25' title="bbox 83 1484 1131 1539; baseline 0 -13"><span class='ocrx_word' id='word_1_168' title='bbox 83 1494 150 1526; x_wconf 76' lang='lat'>225</span> <span class='ocrx_word' id='word_1_169' title='bbox 170 1485 338 1538; x_wconf 85' lang='lat' dir='ltr'>Credis,</span> <span class='ocrx_word' id='word_1_170' title='bbox 360 1484 620 1537; x_wconf 78' lang='lat' dir='ltr'>Alexander,</span> <span class='ocrx_word' id='word_1_171' title='bbox 643 1487 754 1525; x_wconf 87' lang='lat' dir='ltr'>certe</span> <span class='ocrx_word' id='word_1_172' title='bbox 776 1484 941 1539; x_wconf 84' lang='lat' dir='ltr'>legatus</span> <span class='ocrx_word' id='word_1_173' title='bbox 964 1484 1131 1538; x_wconf 89' lang='lat' dir='ltr'>adesto,</span> 
     </span>
     <span class='ocr_line' id='line_1_26' title="bbox 99 1541 1327 1594; baseline -0.001 -12"><span class='ocrx_word' id='word_1_174' title='bbox 99 1558 103 1565; x_wconf 80' lang='grc'>’</span> <span class='ocrx_word' id='word_1_175' title='bbox 169 1541 226 1582; x_wconf 86' lang='lat' dir='ltr'>Et</span> <span class='ocrx_word' id='word_1_176' title='bbox 240 1541 474 1583; x_wconf 89' lang='lat' dir='ltr'>Telamona</span> <span class='ocrx_word' id='word_1_177' title='bbox 489 1541 638 1582; x_wconf 86' lang='lat' dir='ltr'>ducem</span> <span class='ocrx_word' id='word_1_178' title='bbox 660 1544 918 1582; x_wconf 88' lang='lat' dir='ltr'>conuentum</span> <span class='ocrx_word' id='word_1_179' title='bbox 938 1555 1116 1594; x_wconf 77' lang='lat' dir='ltr'>exposce</span> <span class='ocrx_word' id='word_1_180' title='bbox 1138 1554 1327 1582; x_wconf 90' lang='lat' dir='ltr'>sororem</span> 
     </span>
     <span class='ocr_line' id='line_1_27' title="bbox 168 1597 1243 1651; baseline -0.001 -13"><span class='ocrx_word' id='word_1_181' title='bbox 168 1597 388 1639; x_wconf 89' lang='lat' dir='ltr'>Hesionen</span> <span class='ocrx_word' id='word_1_182' title='bbox 409 1611 528 1650; x_wconf 80' lang='lat' dir='ltr'>mox,</span> <span class='ocrx_word' id='word_1_183' title='bbox 549 1599 669 1650; x_wconf 90' lang='lat' dir='ltr'>nate,</span> <span class='ocrx_word' id='word_1_184' title='bbox 691 1611 849 1637; x_wconf 82' lang='lat' dir='ltr'>meam:</span> <span class='ocrx_word' id='word_1_185' title='bbox 884 1597 1054 1651; x_wconf 88' lang='lat' dir='ltr'>captiua</span> <span class='ocrx_word' id='word_1_186' title='bbox 1074 1599 1243 1638; x_wconf 89' lang='lat' dir='ltr'>tenetur</span> 
     </span>
     <span class='ocr_line' id='line_1_28' title="bbox 169 1652 1313 1707; baseline 0 -13"><span class='ocrx_word' id='word_1_187' title='bbox 169 1652 239 1694; x_wconf 92' lang='lat' dir='ltr'>Me</span> <span class='ocrx_word' id='word_1_188' title='bbox 260 1656 466 1707; x_wconf 87' lang='lat' dir='ltr'>regnante</span> <span class='ocrx_word' id='word_1_189' title='bbox 488 1667 620 1694; x_wconf 89' lang='lat' dir='ltr'>soror.</span> <span class='ocrx_word' id='word_1_190' title='bbox 663 1652 761 1693; x_wconf 87' lang='lat' dir='ltr'>dum</span> <span class='ocrx_word' id='word_1_191' title='bbox 784 1652 939 1694; x_wconf 85' lang='lat' dir='ltr'>Dorica</span> <span class='ocrx_word' id='word_1_192' title='bbox 960 1666 1093 1707; x_wconf 87' lang='lat' dir='ltr'>regna</span> <span class='ocrx_word' id='word_1_193' title='bbox 1113 1666 1313 1707; x_wconf 86' lang='lat' dir='ltr'>peragras</span> 
     </span>
     <span class='ocr_line' id='line_1_29' title="bbox 169 1708 1238 1762; baseline -0.001 -12"><span class='ocrx_word' id='word_1_194' title='bbox 169 1708 256 1750; x_wconf 89' lang='lat' dir='ltr'>Dat</span> <span class='ocrx_word' id='word_1_195' title='bbox 277 1708 424 1751; x_wconf 88' lang='lat' dir='ltr'>Uenus</span> <span class='ocrx_word' id='word_1_196' title='bbox 446 1723 640 1762; x_wconf 80' lang='lat' dir='ltr'>uxorem,</span> <span class='ocrx_word' id='word_1_197' title='bbox 664 1708 792 1749; x_wconf 87' lang='lat' dir='ltr'>faciet</span> <span class='ocrx_word' id='word_1_198' title='bbox 812 1712 853 1749; x_wconf 94' lang='lat' dir='ltr'>te</span> <span class='ocrx_word' id='word_1_199' title='bbox 876 1708 983 1750; x_wconf 88' lang='lat' dir='ltr'>Iuno</span> <span class='ocrx_word' id='word_1_200' title='bbox 1005 1709 1238 1750; x_wconf 89' lang='lat' dir='ltr'>maritum.&#39;</span> 
     </span>
    </p>

    <p class='ocr_par' dir='ltr' id='par_1_3' title="bbox 83 1764 1360 2043">
     <span class='ocr_line' id='line_1_30' title="bbox 83 1764 1240 1820; baseline 0.002 -16"><span class='ocrx_word' id='word_1_201' title='bbox 83 1773 151 1805; x_wconf 79' lang='lat'>230</span> <span class='ocrx_word' id='word_1_202' title='bbox 166 1764 289 1806; x_wconf 86' lang='lat' dir='ltr'>Tune</span> <span class='ocrx_word' id='word_1_203' title='bbox 308 1765 477 1806; x_wconf 84' lang='lat' dir='ltr'>iuuenis</span> <span class='ocrx_word' id='word_1_204' title='bbox 498 1765 670 1820; x_wconf 83' lang='lat' dir='ltr'>gauisus</span> <span class='ocrx_word' id='word_1_205' title='bbox 691 1765 769 1805; x_wconf 90' lang='lat' dir='ltr'>ait:</span> <span class='ocrx_word' id='word_1_206' title='bbox 801 1769 1020 1819; x_wconf 76' lang='lat' dir='ltr'>‘paremus</span> <span class='ocrx_word' id='word_1_207' title='bbox 1042 1767 1240 1818; x_wconf 87' lang='lat' dir='ltr'>ouantes,</span> 
     </span>
     <span class='ocr_line' id='line_1_31' title="bbox 169 1819 1360 1876; baseline 0.001 -15"><span class='ocrx_word' id='word_1_208' title='bbox 169 1819 338 1875; x_wconf 90' lang='lat' dir='ltr'>Optime</span> <span class='ocrx_word' id='word_1_209' title='bbox 356 1820 660 1876; x_wconf 84' lang='lat' dir='ltr'>Troiugenum,</span> <span class='ocrx_word' id='word_1_210' title='bbox 682 1820 791 1861; x_wconf 85' lang='lat' dir='ltr'>nihil</span> <span class='ocrx_word' id='word_1_211' title='bbox 808 1821 997 1875; x_wconf 79' lang='lat' dir='ltr'>estquod</span> <span class='ocrx_word' id='word_1_212' title='bbox 1012 1822 1126 1862; x_wconf 89' lang='lat' dir='ltr'>iussa</span> <span class='ocrx_word' id='word_1_213' title='bbox 1141 1823 1360 1863; x_wconf 88' lang='lat' dir='ltr'>recusem.&#39;</span> 
     </span>
     <span class='ocr_line' id='line_1_32' title="bbox 168 1875 1051 1918; baseline 0 0"><span class='ocrx_word' id='word_1_214' title='bbox 168 1875 370 1918; x_wconf 87' lang='lat' dir='ltr'>Laetatus</span> <span class='ocrx_word' id='word_1_215' title='bbox 390 1878 533 1918; x_wconf 87' lang='lat' dir='ltr'>senior</span> <span class='ocrx_word' id='word_1_216' title='bbox 553 1877 628 1917; x_wconf 89' lang='lat' dir='ltr'>tali</span> <span class='ocrx_word' id='word_1_217' title='bbox 652 1876 940 1918; x_wconf 88' lang='lat' dir='ltr'>moderamine</span> <span class='ocrx_word' id='word_1_218' title='bbox 961 1878 1051 1918; x_wconf 87' lang='lat' dir='ltr'>nati</span> 
     </span>
     <span class='ocr_line' id='line_1_33' title="bbox 168 1931 1257 1985; baseline 0 -11"><span class='ocrx_word' id='word_1_219' title='bbox 168 1931 354 1974; x_wconf 87' lang='lat' dir='ltr'>Effatur:</span> <span class='ocrx_word' id='word_1_220' title='bbox 386 1936 482 1973; x_wconf 87' lang='lat' dir='ltr'>‘tua</span> <span class='ocrx_word' id='word_1_221' title='bbox 502 1935 623 1984; x_wconf 91' lang='lat' dir='ltr'>uota,</span> <span class='ocrx_word' id='word_1_222' title='bbox 646 1932 787 1985; x_wconf 86' lang='lat' dir='ltr'>Paris,</span> <span class='ocrx_word' id='word_1_223' title='bbox 811 1932 851 1973; x_wconf 88' lang='lat' dir='ltr'>di</span> <span class='ocrx_word' id='word_1_224' title='bbox 873 1933 985 1974; x_wconf 87' lang='lat' dir='ltr'>iusta</span> <span class='ocrx_word' id='word_1_225' title='bbox 1005 1933 1257 1982; x_wconf 83' lang='lat' dir='ltr'>secundent,</span> 
     </span>
     <span class='ocr_line' id='line_1_34' title="bbox 167 1987 1333 2043; baseline 0 -13"><span class='ocrx_word' id='word_1_226' title='bbox 167 1987 262 2030; x_wconf 81' lang='lat' dir='ltr'>Hoc</span> <span class='ocrx_word' id='word_1_227' title='bbox 282 1991 450 2030; x_wconf 89' lang='lat' dir='ltr'>tantum</span> <span class='ocrx_word' id='word_1_228' title='bbox 471 1988 648 2042; x_wconf 84' lang='lat' dir='ltr'>supplex</span> <span class='ocrx_word' id='word_1_229' title='bbox 670 1988 839 2043; x_wconf 88' lang='lat' dir='ltr'>genitor</span> <span class='ocrx_word' id='word_1_230' title='bbox 859 2003 953 2043; x_wconf 66' lang='lat' dir='ltr'>rei-1,</span> <span class='ocrx_word' id='word_1_231' title='bbox 975 1993 1095 2042; x_wconf 90' lang='lat' dir='ltr'>nate,</span> <span class='ocrx_word' id='word_1_232' title='bbox 1117 1992 1333 2043; x_wconf 86' lang='lat' dir='ltr'>precatur:</span> 
     </span>
    </p>
   </div>
   <div class='ocr_carea' id='block_1_3' title="bbox 0 0 107 572">
    <p class='ocr_par' dir='ltr' id='par_1_4' title="bbox 0 0 107 572">
     <span class='ocr_line' id='line_1_35' title="bbox 0 0 107 572; baseline 0 -125"><span class='ocrx_word' id='word_1_233' title='bbox 0 0 107 572; x_wconf 95' lang='lat' dir='ltr'>    </span> 
     </span>
    </p>
   </div>
   <div class='ocr_carea' id='block_1_4' title="bbox 79 2101 1362 2317">
    <p class='ocr_par' dir='ltr' id='par_1_5' title="bbox 79 2101 1362 2317">
     <span class='ocr_line' id='line_1_36' title="bbox 172 2101 1360 2142; baseline 0 -8"><span class='ocrx_word' id='word_1_234' title='bbox 172 2103 238 2135; x_wconf 82' lang='lat'>203</span> <span class='ocrx_word' id='word_1_235' title='bbox 263 2102 369 2135; x_wconf 82' lang='lat' dir='ltr'>Cloto</span> <span class='ocrx_word' id='word_1_236' title='bbox 391 2101 396 2142; x_wconf 90' lang='grc' dir='ltr'>Ι</span> <span class='ocrx_word' id='word_1_237' title='bbox 417 2102 595 2135; x_wconf 72' lang='lat' dir='ltr'>lachessis</span> <span class='ocrx_word' id='word_1_238' title='bbox 671 2104 736 2134; x_wconf 83' lang='grc'>205</span> <span class='ocrx_word' id='word_1_239' title='bbox 763 2103 926 2135; x_wconf 79' lang='lat' dir='ltr'>rutulans</span> <span class='ocrx_word' id='word_1_240' title='bbox 952 2115 1039 2135; x_wconf 81' lang='lat' dir='ltr'>corr.</span> <span class='ocrx_word' id='word_1_241' title='bbox 1071 2103 1132 2135; x_wconf 83' lang='lat' dir='ltr'>IM</span> <span class='ocrx_word' id='word_1_242' title='bbox 1209 2103 1274 2135; x_wconf 85' lang='grc'>207</span> <span class='ocrx_word' id='word_1_243' title='bbox 1300 2113 1360 2134; x_wconf 80' lang='lat' dir='ltr'>ca-</span> 
     </span>
     <span class='ocr_line' id='line_1_37' title="bbox 81 2147 1361 2190; baseline 0 -12"><span class='ocrx_word' id='word_1_244' title='bbox 81 2156 163 2179; x_wconf 85' lang='lat' dir='ltr'>rens</span> <span class='ocrx_word' id='word_1_245' title='bbox 192 2147 258 2179; x_wconf 92' lang='lat' dir='ltr'>IM</span> <span class='ocrx_word' id='word_1_246' title='bbox 369 2149 434 2179; x_wconf 78' lang='lat'>209</span> <span class='ocrx_word' id='word_1_247' title='bbox 464 2147 630 2179; x_wconf 78' lang='lat' dir='ltr'>Alcestes</span> <span class='ocrx_word' id='word_1_248' title='bbox 662 2147 727 2179; x_wconf 78' lang='lat' dir='ltr'>JM</span> <span class='ocrx_word' id='word_1_249' title='bbox 755 2150 957 2190; x_wconf 65' lang='lat' dir='ltr'>ineptissime</span> <span class='ocrx_word' id='word_1_250' title='bbox 1072 2150 1136 2180; x_wconf 84' lang='grc'>212</span> <span class='ocrx_word' id='word_1_251' title='bbox 1167 2152 1244 2188; x_wconf 80' lang='lat' dir='ltr'>post</span> <span class='ocrx_word' id='word_1_252' title='bbox 1276 2148 1361 2179; x_wconf 77' lang='lat' dir='ltr'>hunc</span> 
     </span>
     <span class='ocr_line' id='line_1_38' title="bbox 81 2191 1359 2232; baseline 0 -9"><span class='ocrx_word' id='word_1_253' title='bbox 81 2202 211 2224; x_wconf 74' lang='lat' dir='ltr'>uersum</span> <span class='ocrx_word' id='word_1_254' title='bbox 233 2191 318 2232; x_wconf 75' lang='lat' dir='ltr'>fort.</span> <span class='ocrx_word' id='word_1_255' title='bbox 343 2194 500 2225; x_wconf 70' lang='lat' dir='ltr'>nonnulla</span> <span class='ocrx_word' id='word_1_256' title='bbox 525 2193 723 2224; x_wconf 70' lang='lat' dir='ltr'>exciderunt</span> <span class='ocrx_word' id='word_1_257' title='bbox 816 2195 880 2225; x_wconf 86' lang='grc'>217</span> <span class='ocrx_word' id='word_1_258' title='bbox 914 2193 991 2226; x_wconf 90' lang='lat' dir='ltr'>cele</span> <span class='ocrx_word' id='word_1_259' title='bbox 1017 2204 1107 2226; x_wconf 83' lang='lat' dir='ltr'>corr.</span> <span class='ocrx_word' id='word_1_260' title='bbox 1143 2193 1206 2224; x_wconf 75' lang='lat' dir='ltr'>lM</span> <span class='ocrx_word' id='word_1_261' title='bbox 1295 2193 1359 2223; x_wconf 88' lang='grc'>222</span> 
     </span>
     <span class='ocr_line' id='line_1_39' title="bbox 79 2237 1361 2278; baseline 0 -10"><span class='ocrx_word' id='word_1_262' title='bbox 79 2237 202 2269; x_wconf 77' lang='lat' dir='ltr'>licebat</span> <span class='ocrx_word' id='word_1_263' title='bbox 227 2246 291 2268; x_wconf 74' lang='lat' dir='ltr'>(zur</span> <span class='ocrx_word' id='word_1_264' title='bbox 359 2239 425 2270; x_wconf 82' lang='grc'>223</span> <span class='ocrx_word' id='word_1_265' title='bbox 448 2237 545 2270; x_wconf 83' lang='lat' dir='ltr'>bello</span> <span class='ocrx_word' id='word_1_266' title='bbox 573 2248 662 2271; x_wconf 81' lang='lat' dir='ltr'>corr.</span> <span class='ocrx_word' id='word_1_267' title='bbox 693 2238 754 2270; x_wconf 40' lang='lat' dir='ltr'>Ill!</span> <span class='ocrx_word' id='word_1_268' title='bbox 822 2240 886 2270; x_wconf 84' lang='grc'>226</span> <span class='ocrx_word' id='word_1_269' title='bbox 912 2238 1097 2271; x_wconf 85' lang='lat' dir='ltr'>talamona</span> <span class='ocrx_word' id='word_1_270' title='bbox 1122 2237 1361 2278; x_wconf 61' lang='lat' dir='ltr'>{conuentam</span> 
     </span>
     <span class='ocr_line' id='line_1_40' title="bbox 82 2281 1362 2317; baseline -0.001 -3"><span class='ocrx_word' id='word_1_271' title='bbox 82 2291 173 2316; x_wconf 81' lang='lat' dir='ltr'>corr.</span> <span class='ocrx_word' id='word_1_272' title='bbox 195 2281 323 2314; x_wconf 78' lang='lat' dir='ltr'>Rueck.</span> <span class='ocrx_word' id='word_1_273' title='bbox 417 2283 482 2314; x_wconf 82' lang='grc'>227</span> <span class='ocrx_word' id='word_1_274' title='bbox 511 2283 685 2315; x_wconf 83' lang='lat' dir='ltr'>Esionem</span> <span class='ocrx_word' id='word_1_275' title='bbox 778 2285 843 2315; x_wconf 87' lang='grc'>229</span> <span class='ocrx_word' id='word_1_276' title='bbox 869 2288 905 2316; x_wconf 86' lang='lat' dir='ltr'>te</span> <span class='ocrx_word' id='word_1_277' title='bbox 929 2285 1000 2316; x_wconf 76' lang='lat' dir='ltr'>und</span> <span class='ocrx_word' id='word_1_278' title='bbox 1092 2286 1157 2317; x_wconf 74' lang='lat'>232</span> <span class='ocrx_word' id='word_1_279' title='bbox 1183 2282 1362 2314; x_wconf 86' lang='lat' dir='ltr'>Laetatur</span> 
     </span>
    </p>
   </div>
  </div>
 </body>
</html>
