1635 2522
245 56 299 98 56
704 54 1072 88 DELIBERATIUA

126 169 168 200 [p.
189 164 308 199 71J135
329 154 529 197 Nominis
550 153 755 196 inuidiam
776 154 907 195 uestri
927 167 1003 208 per
1023 152 1201 194 flumina
1220 166 1367 194 manes

329 211 577 266 Exagitant,
599 224 675 251 sua
694 209 788 250 iura
806 222 936 264 neges
957 207 1072 263 quod
1090 214 1227 249 morte
1248 207 1490 262 peremptis,

329 266 657 320 Patroclumque
677 267 828 306 tenent
847 279 973 319 quem
1000 277 1079 305 nec
1110 263 1390 360 conlsjcendere
1411 277 1526 317 cym-

1217 334 1285 360 am

329 377 592 418 Permittunt
607 376 691 417 nisi
706 376 869 430 primus
885 391 1016 429 aquas
1032 374 1521 416 transcenderitHector.

329 432 387 473 Et
406 432 572 473 nullum
592 446 689 485 pars
708 435 855 473 nostra
875 432 978 472 sinit
997 430 1177 472 transire
1197 445 1274 484 per
1294 429 1428 470 undas

247 496 311 527 140
332 489 395 528 Ac
417 490 572 528 sortem
594 487 775 528 retinere
797 501 914 528 suam
935 487 1018 528 nisi
1038 487 1118 527 rite
1140 485 1382 539 sepultum.’

123 587 239 654 Εὲξιὶεῑθ·
332 586 490 644 Desine
511 587 767 641 bellipotens
787 587 951 628 animos
972 587 1154 628 retinere
1173 586 1348 638 feroces,

205 639 214 648 ⁹
332 642 431 683 Dux
451 643 536 683 iras
557 642 733 696 depone,
754 657 917 696 precor.
948 657 1036 684 non
1058 643 1212 683 sentiet
1231 641 1404 693 Hector,

333 697 547 752 Quidquid
567 698 613 739 in
633 698 755 739 hoste
775 698 894 752 furis,
916 698 1101 739 lacerum
1124 697 1311 739 tenuisse
1332 697 1524 738 cadauer.

334 753 599 807 Supplicium
620 768 708 794 non
724 753 884 795 Hector
903 754 1032 794 habet
1052 753 1124 794 sed
1144 767 1283 807 poena
1298 752 1526 807 Pelasgum

250 818 314 848 145
337 808 539 850 Seruatur
559 823 634 862 per
655 812 791 850 castra
810 810 913 862 tuis,
937 809 1035 850 dum
1056 809 1207 850 funera
1227 808 1365 862 punis.

333 866 498 906 Aeacus
520 865 739 918 inuidiam,
761 879 882 906 carus
901 867 1115 906 tormenta
1136 863 1358 906 Patroclus

332 919 524 961 Sustinet
546 923 587 960 et
607 922 737 961 uestri
759 935 920 975 poenas
941 921 1021 962 luit
1040 920 1112 961 ille
1133 920 1305 961 doloris.

332 975 415 1016 Uel
436 975 622 1017 medium
643 976 836 1030 Priamo,
860 990 1085 1032 generose,
1106 975 1284 1017 refunde
1306 974 1499 1027 cadauer,

332 1030 444 1072 Nam
465 1034 630 1085 partem
650 1035 839 1073 tractura
858 1035 984 1074 tenet.
1019 1033 1053 1073 si
1075 1031 1247 1072 reddere
1269 1045 1422 1085 corpus

249 1096 316 1127 150
336 1087 393 1128 Et
412 1087 574 1128 laceros
596 1091 711 1129 artus
732 1091 896 1142 tempta
915 1089 1072 1142 pietate
1093 1087 1284 1142 negabis,

331 1143 459 1184 Exiet
479 1143 778 1185 Andromache
799 1158 946 1185 socero
970 1144 1201 1185 comitante
1222 1157 1298 1197 per
1319 1155 1444 1196 agros

332 1199 594 1253 Astyanacta
616 1199 789 1241 trahens
811 1214 894 1253 qua
913 1200 1056 1241 tritior
1077 1199 1215 1241 orbita
1234 1200 1445 1239 monstrat

332 1254 390 1295 Et
409 1254 524 1309 leget
544 1255 693 1296 infelix
715 1255 893 1310 dispersi
913 1256 1102 1296 membra
1122 1255 1265 1295 mariti

333 1309 547 1364 Uepribus
569 1325 590 1351 e
611 1311 775 1364 mediis,
796 1326 945 1365 rupem
967 1311 1187 1365 complexa
1208 1311 1427 1351 cruentam

249 1375 313 1405 155
337 1365 491 1407 Oscula
510 1366 595 1407 fixa
616 1366 733 1408 dabit
753 1367 898 1408 dicens
920 1367 969 1408 de
990 1381 1096 1421 rupe
1116 1366 1317 1407 maritum

332 1430 386 1451 '-
406 1421 458 1462 In
480 1436 563 1476 qua
592 1423 765 1477 sanguis
787 1423 867 1464 erit
895 1437 1044 1477 rupem
1072 1425 1198 1464 uocat
1217 1422 1404 1463 Hectora
1431 1433 1532 1461 con·

1193 1493 1266 1519 1ux
1287 1501 1342 1506 —

331 1533 389 1574 Et
409 1547 588 1587 puerum
610 1534 849 1576 miseranda
870 1535 992 1576 docet
1012 1548 1066 1575 ne
1089 1534 1222 1576 calcet
1242 1546 1392 1574 arenas

130 1600 172 1632 [Ρ.
192 1601 236 1631 ⁷2]
334 1589 489 1630 Infecit
510 1604 613 1643 quas
633 1590 745 1631 forte
768 1604 910 1644 cruor,
932 1590 1184 1643 tardumque
1205 1603 1281 1643 per
1300 1588 1427 1629 horas

330 1644 563 1699 Exspectat
612 1660 817 1687 socerum.
883 1646 956 1687 sed
1004 1660 1092 1687 non
1136 1647 1260 1686 uacat
1271 1659 1304 1741 :b
1333 1642 1532 1698 exprimit

1199 1701 1276 1741 her
1308 1715 1353 1741 as

251 1765 316 1796 160
338 1755 450 1804 Quas
471 1757 663 1797 rubuisse
685 1756 813 1798 uidet.
852 1757 935 1798 hoc
955 1758 1046 1798 nati
1067 1757 1256 1798 uultibus
1276 1755 1393 1797 addit

333 1810 395 1853 Ut
414 1814 579 1866 patrem
600 1812 710 1853 ferat
731 1827 802 1854 ore
824 1827 939 1867 puer.
973 1812 1175 1854 suadente
1198 1812 1343 1853 dolore

334 1867 433 1922 Ipsa
455 1868 534 1909 sibi
557 1869 728 1909 demens
751 1871 975 1922 extorquet
994 1872 1042 1910 ut
1064 1868 1249 1909 Hectora
1267 1867 1412 1909 credat

335 1925 598 1978 Astyanacta
619 1938 753 1965 suum.
796 1924 966 1966 Priamo
987 1928 1131 1966 tamen
1152 1923 1349 1965 Hectoris
1371 1936 1468 1964 ossa

341 2093 404 2125 135
436 2093 578 2125 inuidia
674 2094 736 2126 136
762 2095 866 2135 negis
961 2097 1022 2126 144
1057 2093 1267 2136 Supplicum
1365 2093 1426 2138 1453
1451 2090 1534 2126 Ser—

247 2140 380 2170 uantur
477 2139 537 2169 146
564 2139 683 2170 Eacus
721 2137 725 2179 Ι
760 2138 899 2170 inuidia
925 2149 1014 2174 corr,
1040 2138 1166 2171 Bacch.
1263 2139 1320 2170 151
1350 2140 1534 2171 comtante

295 2183 358 2214 152
385 2183 601 2215 Astianacta
624 2182 628 2224 Ι
650 2183 790 2215 tristior
814 2194 902 2217 corr.
931 2184 1055 2216 Bacch.
1135 2185 1198 2216 153
1224 2182 1375 2215 infoelix
1470 2183 1535 2217 154

249 2231 287 2260 et
311 2226 440 2259 mediis
529 2229 590 2260 157
615 2227 830 2260 meseranda
855 2230 860 2270 Ι
883 2228 1040 2261 harenas
1137 2230 1196 2261 161
1225 2232 1329 2269 patre

1627 1136 1633 1200 l

1627 1203 1635 1272 f
