1635 2522
344 55 400 97 52
797 55 894 87 DEL
900 54 1164 88 IBERATIUA

429 154 691 196 Ornamenta
712 153 811 207 poli.
852 152 992 194 rident
1012 167 1086 194 sua
1105 153 1294 194 membra
1314 153 1506 195 uidentes

228 226 269 257 [p.
288 226 332 256 66]
428 209 608 251 Funeris
630 209 782 250 abiecti
803 209 976 263 fragiles
997 212 1039 249 et
1059 209 1247 262 corporis
1268 223 1382 263 usus,

364 274 406 305 25
433 264 494 306 Ut
515 265 687 306 doleant
707 264 872 305 animae
893 264 977 304 iam
998 264 1191 305 libertate
1210 267 1380 319 recepta

431 320 691 375 Corporibus
712 319 868 360 uixisse
889 319 973 360 suis
995 322 1037 360 et
1057 319 1199 360 clausa
1217 320 1364 361 tulisse

431 376 619 418 Carceris
640 375 822 430 angusti.
859 375 1044 415 tumulos
1065 377 1139 416 aut
1159 375 1322 416 ossibus
1343 389 1471 416 urnas

430 431 677 486 Dedignant
699 431 877 483 animae,
898 444 987 471 non
1007 432 1159 471 curant
1178 430 1262 471 uile
1283 430 1536 484 sepulcrum,

428 486 486 527 Et
506 487 721 540 plangunt
740 500 829 526 non
850 499 939 526 esse
960 485 1085 526 simul
1107 500 1213 539 quos
1233 500 1342 527 urna
1359 485 1558 540 polorum

367 551 408 581 :³0
436 541 606 583 Claudit
622 544 664 582 et
684 541 919 582 aetherium
939 540 1136 582 Phoebus
1157 541 1378 595 suspendit
1397 542 1448 583 ad
1470 554 1602 582 axem.

431 597 707 638 Aduenturus
728 597 822 650 eris,
844 596 981 650 pietas
1002 596 1037 638 si
1058 600 1204 638 sancta
1223 597 1414 638 manebit

432 652 620 706 Corpore
640 652 868 707 belligero,
893 652 928 693 31
948 666 1035 693 non
1056 652 1235 694 crudelis
1256 653 1301 693 in
1321 653 1443 694 hoste

431 709 536 750 Post
557 709 690 749 uitam
711 708 933 749 morientis
956 708 1049 762 eris,
1072 708 1106 748 31
1127 708 1241 749 11111313
1265 708 1452 749 Achilles

430 763 520 805 Nec
542 766 641 818 post
661 763 773 804 bella
793 776 937 804 manes
958 777 1035 804 nec
1052 765 1245 817 spectant
1264 763 1416 805 funera
1435 777 1594 817 poenas

367 828 407 858 25
434 819 627 860 Arbitrio
651 819 841 860 subiecta
861 821 949 872 tuo,
971 819 1006 859 31
1027 819 1199 872 parcitis
1219 819 1380 860 umbris

432 874 660 923 Quaesitor
680 889 784 929 quas
804 877 977 928 torquet
994 889 1098 916 auus
1119 875 1154 915 si
1175 889 1276 916 uera
1295 874 1502 916 feruntur.

347 1057 406 1096 At
430 1055 614 1107 inquies:
649 1054 686 1096 si
718 1055 817 1108 post
848 1055 981 1096 uitam
1006 1054 1167 1096 animae
1197 1065 1374 1107 corpora
1394 1065 1472 1096 sua
1493 1052 1628 1107 despi-

610 1113 742 1161 ciunt,
765 1124 840 1166 pro
861 1113 1037 1155 Hectore
1057 1124 1132 1155 cur
1155 1111 1380 1170 rogamus?

241 1200 336 1262 ‘321³ss
437 1214 538 1256 Non
558 1213 720 1256 Hector
741 1213 812 1255 sed
833 1214 961 1255 Troia
981 1220 1104 1269 rogat
1125 1213 1351 1267 miserique
1372 1215 1582 1267 parentes,

437 1269 736 1312 Andromache
758 1269 932 1311 uiduata
953 1270 1086 1324 gemit
1106 1270 1174 1310 uel
1198 1272 1244 1310 1113
1264 1270 1391 1310 ubere
1412 1283 1593 1323 paruum

443 1327 706 1379 Astyanacta
726 1328 844 1366 tenet
865 1326 924 1366 sic
945 1325 1108 1366 caelum
1130 1325 1348 1379 questibus
1370 1324 1531 1378 implet,

372 1389 415 1420 10
440 1380 576 1436 Uirgo
599 1380 814 1435 Polyxene
835 1381 1020 1422 lacrimis
1042 1384 1192 1422 ornata
1213 1380 1374 1422 decoris

437 1437 495 1478 Et
515 1437 690 1490 planctu
710 1437 870 1478 laniata
891 1450 1020 1492 genas
1044 1440 1220 1478 contusa
1241 1436 1420 1478 lacertos

437 1494 501 1533 Ac
522 1493 664 1548 longis
686 1493 873 1547 dispersa
895 1493 1026 1534 comis
1049 1495 1223 1534 onerata
1242 1493 1403 1546 pudore

437 1548 626 1604 Ingemit
647 1551 689 1590 et
709 1551 878 1591 tantum
898 1551 1007 1590 nutu
1029 1549 1119 1590 sine
1140 1562 1246 1590 uoce
1267 1551 1464 1603 precatur

437 1604 616 1646 Funeris
637 1604 838 1646 Hectorei
859 1619 1037 1659 poscens
1059 1618 1272 1660 exsangue
1294 1603 1493 1645 cadauer:

230 1670 270 1700 [p.
305 1669 349 1699 ϋῑ]
377 1668 419 1700 45
444 1659 578 1708 Quem
600 1661 756 1702 retines
777 1661 909 1702 iratus
930 1660 1079 1701 adhuc.
1116 1673 1323 1715 cognosce
1344 1659 1550 1714 puellam:

434 1715 686 1771 Plangentis
708 1730 934 1772 germanus
956 1719 1065 1768 erat,
1088 1716 1155 1757 cui
1178 1716 1266 1757 uita
1289 1715 1458 1757 daretur

434 1772 549 1813 Ante
572 1772 704 1813 aciem
726 1772 762 1813 si
785 1772 876 1814 uisa
897 1772 1026 1826 foret,
1048 1771 1283 1826 Troiaeque
1305 1770 1475 1826 periclis

437 1827 614 1870 Femina
635 1828 746 1870 bella
769 1828 882 1869 dedit
904 1827 976 1869 sed
997 1827 1158 1869 femina
1179 1827 1291 1869 bella
1312 1830 1502 1883 negaret.

370 2030 381 2043 2
445 2006 487 2036 ‘23
522 2004 750 2036 Ornamenta
783 2014 875 2035 corr.
902 2014 947 2035 ea:
977 2005 1187 2035 ornamento
1218 2007 1251 2034 ιιι
1282 2003 1415 2034 uidetur
1508 2003 1550 2033 ‘24
1575 2000 1635 2034 ad-

355 2049 442 2081 iecti
474 2060 566 2081 cor-r.
593 2048 720 2080 Bacch.
814 2050 856 2080 ‘26
883 2047 1004 2079 clausa
1096 2049 1138 2080 ‘27
1165 2051 1239 2078 tum
1262 2046 1417 2079 tumulos
1511 2047 1553 2078 ‘28
1588 2056 1635 2078 se·

354 2093 544 2135 pulchrum
662 2095 704 2126 33
737 2094 925 2124 morientis
963 2097 1083 2133 aperle
1114 2096 1305 2133 corruptum
1336 2096 1396 2123 est.
1495 2092 1538 2123 34
1569 2101 1635 2123 ma·

355 2135 439 2181 nes]
467 2144 503 2169 ut
534 2149 620 2169 mmo
650 2139 732 2170 haec
763 2140 932 2179 leymnm*¹
965 2137 1126 2170 Achilles
1158 2138 1342 2169 nominatus
1372 2147 1437 2177 pro
1465 2135 1542 2175 fero
1566 2145 1635 2168 sae·

356 2194 439 2215 none
472 2184 607 2215 uidetur
700 2184 742 2215 :38
774 2182 884 2214 uelud
915 2181 1027 2214 ubera
1119 2183 1162 2214 39
1196 2181 1409 2213 Astianaeta
1500 2181 1544 2213 40
1576 2180 1635 2213 Po·

357 2227 478 2260 lixene
506 2227 681 2270 lacrymis
758 2229 801 2260 44
833 2236 998 2269 exangue
1082 2227 1126 2259 45
1151 2230 1313 2268 ent-pectes
1338 2225 1440 2266 Quod
