<?xml version="1.0" encoding="UTF-8"?>
<!DOCTYPE html PUBLIC "-//W3C//DTD XHTML 1.0 Transitional//EN"
    "http://www.w3.org/TR/xhtml1/DTD/xhtml1-transitional.dtd">
<html xmlns="http://www.w3.org/1999/xhtml" xml:lang="en" lang="en">
 <head>
  <title>
</title>
<meta http-equiv="Content-Type" content="text/html;charset=utf-8" />
  <meta name='ocr-system' content='tesseract 3.04.00' />
  <meta name='ocr-capabilities' content='ocr_page ocr_carea ocr_par ocr_line ocrx_word'/>
</head>
<body>
  <div class='ocr_page' id='page_1' title='image "./carminaminoraplu00dracuoft_0019.png"; bbox 0 0 1635 2522; ppageno 0'>
   <div class='ocr_carea' id='block_1_1' title="bbox 534 127 1408 170">
    <p class='ocr_par' dir='ltr' id='par_1_1' title="bbox 534 127 1408 170">
     <span class='ocr_line' id='line_1_1' title="bbox 534 127 1408 170; baseline 0 -10"><span class='ocrx_word' id='word_1_1' title='bbox 534 128 570 160; x_wconf 88' lang='lat'>11</span> <span class='ocrx_word' id='word_1_2' title='bbox 597 129 772 161; x_wconf 60' lang='grc' dir='ltr'>πρε-163</span> <span class='ocrx_word' id='word_1_3' title='bbox 806 127 863 160; x_wconf 95' lang='lat'>111</span> <span class='ocrx_word' id='word_1_4' title='bbox 890 128 998 160; x_wconf 84' lang='lat'>1-18</span> <span class='ocrx_word' id='word_1_5' title='bbox 1385 129 1408 170; x_wconf 77' lang='lat'><strong>7</strong></span> 
     </span>
    </p>
   </div>
   <div class='ocr_carea' id='block_1_2' title="bbox 63 225 1408 670">
    <p class='ocr_par' dir='ltr' id='par_1_2' title="bbox 63 225 1408 448">
     <span class='ocr_line' id='line_1_2' title="bbox 216 225 1285 280; baseline 0 -11"><span class='ocrx_word' id='word_1_6' title='bbox 216 225 325 269; x_wconf 85' lang='lat' dir='ltr'>Cum</span> <span class='ocrx_word' id='word_1_7' title='bbox 345 226 470 267; x_wconf 88' lang='lat' dir='ltr'>simul</span> <span class='ocrx_word' id='word_1_8' title='bbox 491 226 704 267; x_wconf 80' lang='lat' dir='ltr'><strong>Antaeum</strong></span> <span class='ocrx_word' id='word_1_9' title='bbox 725 226 847 280; x_wconf 88' lang='lat' dir='ltr'>rapui</span> <span class='ocrx_word' id='word_1_10' title='bbox 867 226 1032 268; x_wconf 87' lang='lat' dir='ltr'>telluris</span> <span class='ocrx_word' id='word_1_11' title='bbox 1053 227 1285 269; x_wconf 87' lang='lat' dir='ltr'>alumnum.</span> 
     </span>
     <span class='ocr_line' id='line_1_3' title="bbox 217 280 1285 338; baseline 0.001 -15"><span class='ocrx_word' id='word_1_12' title='bbox 217 280 322 330; x_wconf 84' lang='lat' dir='ltr'>Quis</span> <span class='ocrx_word' id='word_1_13' title='bbox 342 282 448 323; x_wconf 91' lang='lat' dir='ltr'>mihi</span> <span class='ocrx_word' id='word_1_14' title='bbox 467 282 664 323; x_wconf 87' lang='lat' dir='ltr'>sudorem</span> <span class='ocrx_word' id='word_1_15' title='bbox 685 282 795 323; x_wconf 88' lang='lat' dir='ltr'>lasso</span> <span class='ocrx_word' id='word_1_16' title='bbox 816 284 915 336; x_wconf 87' lang='lat' dir='ltr'>post</span> <span class='ocrx_word' id='word_1_17' title='bbox 934 282 1097 336; x_wconf 89' lang='lat' dir='ltr'>proelia</span> <span class='ocrx_word' id='word_1_18' title='bbox 1116 284 1285 338; x_wconf 80' lang='lat' dir='ltr'>terget?</span> 
     </span>
     <span class='ocr_line' id='line_1_4' title="bbox 216 336 1408 386; baseline 0.003 -8"><span class='ocrx_word' id='word_1_19' title='bbox 216 336 319 386; x_wconf 82' lang='lat' dir='ltr'>Quis</span> <span class='ocrx_word' id='word_1_20' title='bbox 340 351 480 379; x_wconf 90' lang='lat' dir='ltr'>comes</span> <span class='ocrx_word' id='word_1_21' title='bbox 501 338 607 379; x_wconf 87' lang='lat' dir='ltr'>alter</span> <span class='ocrx_word' id='word_1_22' title='bbox 633 337 713 378; x_wconf 87' lang='lat' dir='ltr'>erit</span> <span class='ocrx_word' id='word_1_23' title='bbox 733 351 828 378; x_wconf 88' lang='lat' dir='ltr'>cum</span> <span class='ocrx_word' id='word_1_24' title='bbox 858 337 929 379; x_wconf 87' lang='lat' dir='ltr'>dat</span> <span class='ocrx_word' id='word_1_25' title='bbox 949 338 1038 379; x_wconf 84' lang='lat' dir='ltr'>fera</span> <span class='ocrx_word' id='word_1_26' title='bbox 1058 338 1170 379; x_wconf 88' lang='lat' dir='ltr'>bella</span> <span class='ocrx_word' id='word_1_27' title='bbox 1190 342 1408 381; x_wconf 74' lang='lat' dir='ltr'>nouerca?</span> 
     </span>
     <span class='ocr_line' id='line_1_5' title="bbox 63 391 1317 448; baseline -0.001 -11"><span class='ocrx_word' id='word_1_28' title='bbox 63 435 66 437; x_wconf 16' lang='grc' dir='ltr'><strong>Α</strong></span> <span class='ocrx_word' id='word_1_29' title='bbox 216 391 328 441; x_wconf 87' lang='lat' dir='ltr'><strong>Quid</strong></span> <span class='ocrx_word' id='word_1_30' title='bbox 349 394 475 434; x_wconf 88' lang='lat' dir='ltr'>matri</span> <span class='ocrx_word' id='word_1_31' title='bbox 496 394 678 434; x_wconf 83' lang='lat' dir='ltr'>narrabo</span> <span class='ocrx_word' id='word_1_32' title='bbox 699 396 797 434; x_wconf 87' lang='lat' dir='ltr'>tuae</span> <span class='ocrx_word' id='word_1_33' title='bbox 818 407 925 447; x_wconf 85' lang='lat' dir='ltr'>quae</span> <span class='ocrx_word' id='word_1_34' title='bbox 949 397 990 434; x_wconf 87' lang='lat' dir='ltr'>te</span> <span class='ocrx_word' id='word_1_35' title='bbox 1011 393 1116 434; x_wconf 86' lang='lat' dir='ltr'>mihi</span> <span class='ocrx_word' id='word_1_36' title='bbox 1136 409 1317 448; x_wconf 89' lang='lat' dir='ltr'>paruum</span> 
     </span>
    </p>

    <p class='ocr_par' dir='ltr' id='par_1_3' title="bbox 87 447 1404 670">
     <span class='ocr_line' id='line_1_6' title="bbox 87 447 1304 504; baseline 0.002 -15"><span class='ocrx_word' id='word_1_37' title='bbox 87 448 89 450; x_wconf 70' lang='grc'><strong>’</strong></span> <span class='ocrx_word' id='word_1_38' title='bbox 133 456 198 488; x_wconf 83' lang='grc'>160</span> <span class='ocrx_word' id='word_1_39' title='bbox 217 447 447 503; x_wconf 75' lang='lat' dir='ltr'>Deposuit,</span> <span class='ocrx_word' id='word_1_40' title='bbox 469 449 640 503; x_wconf 87' lang='lat' dir='ltr'>pietatis</span> <span class='ocrx_word' id='word_1_41' title='bbox 661 449 783 503; x_wconf 90' lang='lat' dir='ltr'>inops</span> <span class='ocrx_word' id='word_1_42' title='bbox 805 463 912 503; x_wconf 85' lang='lat' dir='ltr'>quae</span> <span class='ocrx_word' id='word_1_43' title='bbox 932 450 1115 504; x_wconf 87' lang='lat' dir='ltr'>pignora</span> <span class='ocrx_word' id='word_1_44' title='bbox 1135 450 1304 492; x_wconf 83' lang='lat' dir='ltr'>reddam</span> 
     </span>
     <span class='ocr_line' id='line_1_7' title="bbox 217 503 1358 560; baseline 0.001 -14"><span class='ocrx_word' id='word_1_45' title='bbox 217 503 324 546; x_wconf 83' lang='lat' dir='ltr'>Cum</span> <span class='ocrx_word' id='word_1_46' title='bbox 346 508 582 546; x_wconf 89' lang='lat' dir='ltr'>conuentus</span> <span class='ocrx_word' id='word_1_47' title='bbox 604 503 704 546; x_wconf 82' lang='lat' dir='ltr'>ero?</span> <span class='ocrx_word' id='word_1_48' title='bbox 735 505 872 546; x_wconf 86' lang='lat' dir='ltr'>dicam</span> <span class='ocrx_word' id='word_1_49' title='bbox 896 508 1041 546; x_wconf 85' lang='lat' dir='ltr'>tamen</span> <span class='ocrx_word' id='word_1_50' title='bbox 1061 506 1150 559; x_wconf 89' lang='lat' dir='ltr'>ipse</span> <span class='ocrx_word' id='word_1_51' title='bbox 1171 506 1358 560; x_wconf 86' lang='lat' dir='ltr'>parenti:</span> 
     </span>
     <span class='ocr_line' id='line_1_8' title="bbox 217 559 1191 615; baseline 0.001 -14"><span class='ocrx_word' id='word_1_52' title='bbox 217 559 397 602; x_wconf 81' lang='lat' dir='ltr'>‘Exulta</span> <span class='ocrx_word' id='word_1_53' title='bbox 409 593 420 614; x_wconf 81' lang='lat'><em>,</em></span> <span class='ocrx_word' id='word_1_54' title='bbox 441 560 645 615; x_wconf 80' lang='lat' dir='ltr'>genitrix,</span> <span class='ocrx_word' id='word_1_55' title='bbox 667 561 846 601; x_wconf 88' lang='lat' dir='ltr'>nimium</span> <span class='ocrx_word' id='word_1_56' title='bbox 869 560 1046 615; x_wconf 83' lang='lat' dir='ltr'>laetare,</span> <span class='ocrx_word' id='word_1_57' title='bbox 1069 563 1191 603; x_wconf 84' lang='lat' dir='ltr'>beata</span> 
     </span>
     <span class='ocr_line' id='line_1_9' title="bbox 215 611 1404 670; baseline 0.002 -13"><span class='ocrx_word' id='word_1_58' title='bbox 215 617 329 657; x_wconf 85' lang='lat' dir='ltr'>Ante</span> <span class='ocrx_word' id='word_1_59' title='bbox 338 630 492 670; x_wconf 88' lang='lat' dir='ltr'>parens</span> <span class='ocrx_word' id='word_1_60' title='bbox 501 616 701 664; x_wconf 84' lang='lat' dir='ltr'>hominis,</span> <span class='ocrx_word' id='word_1_61' title='bbox 714 616 881 669; x_wconf 87' lang='lat' dir='ltr'>pulchri</span> <span class='ocrx_word' id='word_1_62' title='bbox 893 616 1018 658; x_wconf 88' lang='lat' dir='ltr'>modo</span> <span class='ocrx_word' id='word_1_63' title='bbox 1030 618 1219 659; x_wconf 88' lang='lat' dir='ltr'>numinis</span> <span class='ocrx_word' id='word_1_64' title='bbox 1228 611 1404 660; x_wconf 54' lang='lat' dir='ltr'>auc-torf</span> 
     </span>
    </p>
   </div>
   <div class='ocr_carea' id='block_1_3' title="bbox 0 0 139 2522">
    <p class='ocr_par' dir='ltr' id='par_1_4' title="bbox 0 0 139 2522">
     <span class='ocr_line' id='line_1_10' title="bbox 0 0 139 2522; baseline 0 -2103"><span class='ocrx_word' id='word_1_65' title='bbox 0 0 139 2522; x_wconf 95' lang='lat' dir='ltr'>   </span> 
     </span>
    </p>
   </div>
   <div class='ocr_carea' id='block_1_4' title="bbox 128 794 1407 955">
    <p class='ocr_par' dir='ltr' id='par_1_5' title="bbox 128 794 1407 955">
     <span class='ocr_line' id='line_1_11' title="bbox 128 794 1407 850; baseline 0.001 -11"><span class='ocrx_word' id='word_1_66' title='bbox 128 794 206 839; x_wconf 93' lang='grc' dir='ltr'><strong>ΙΙΙ.</strong></span> <span class='ocrx_word' id='word_1_67' title='bbox 238 795 343 850; x_wconf 82' lang='lat' dir='ltr'>Exp.</span> <span class='ocrx_word' id='word_1_68' title='bbox 364 795 510 837; x_wconf 82' lang='lat' dir='ltr'>fabula</span> <span class='ocrx_word' id='word_1_69' title='bbox 529 795 643 837; x_wconf 86' lang='lat' dir='ltr'>Ylae.</span> <span class='ocrx_word' id='word_1_70' title='bbox 675 795 833 849; x_wconf 81' lang='lat' dir='ltr'>Incipit</span> <span class='ocrx_word' id='word_1_71' title='bbox 851 795 1059 849; x_wconf 84' lang='lat' dir='ltr'>praefatio</span> <span class='ocrx_word' id='word_1_72' title='bbox 1081 796 1133 838; x_wconf 86' lang='lat' dir='ltr'>ad</span> <span class='ocrx_word' id='word_1_73' title='bbox 1149 796 1407 840; x_wconf 81' lang='lat' dir='ltr'>Felicianum</span> 
     </span>
     <span class='ocr_line' id='line_1_12' title="bbox 241 854 1294 955; baseline 0 -59"><span class='ocrx_word' id='word_1_74' title='bbox 241 855 578 909; x_wconf 84' lang='lat' dir='ltr'>grammaticum,</span> <span class='ocrx_word' id='word_1_75' title='bbox 600 854 949 955; x_wconf 32' lang='lat' dir='ltr'>cggugcslutpgiaignin</span> <span class='ocrx_word' id='word_1_76' title='bbox 969 854 1182 897; x_wconf 84' lang='lat' dir='ltr'>auditorio</span> <span class='ocrx_word' id='word_1_77' title='bbox 1203 867 1294 897; x_wconf 86' lang='lat' dir='ltr'>cum</span> 
     </span>
    </p>
   </div>
   <div class='ocr_carea' id='block_1_5' title="bbox 149 1014 1357 2019">
    <p class='ocr_par' dir='ltr' id='par_1_6' title="bbox 212 1014 1356 1236">
     <span class='ocr_line' id='line_1_13' title="bbox 215 1014 1356 1069; baseline 0 -12"><span class='ocrx_word' id='word_1_78' title='bbox 215 1015 441 1057; x_wconf 74' lang='lat' dir='ltr'>Fructibus</span> <span class='ocrx_word' id='word_1_79' title='bbox 463 1017 562 1069; x_wconf 86' lang='lat' dir='ltr'>apta</span> <span class='ocrx_word' id='word_1_80' title='bbox 583 1014 752 1069; x_wconf 87' lang='lat' dir='ltr'>quidem</span> <span class='ocrx_word' id='word_1_81' title='bbox 775 1015 938 1056; x_wconf 84' lang='lat' dir='ltr'>cunctis</span> <span class='ocrx_word' id='word_1_82' title='bbox 960 1018 1023 1056; x_wconf 87' lang='lat' dir='ltr'>est</span> <span class='ocrx_word' id='word_1_83' title='bbox 1043 1018 1155 1056; x_wconf 85' lang='lat' dir='ltr'>terra</span> <span class='ocrx_word' id='word_1_84' title='bbox 1176 1016 1356 1057; x_wconf 82' lang='lat' dir='ltr'>creatrix</span> 
     </span>
     <span class='ocr_line' id='line_1_14' title="bbox 213 1070 1241 1125; baseline -0.001 -12"><span class='ocrx_word' id='word_1_85' title='bbox 213 1071 356 1113; x_wconf 86' lang='lat' dir='ltr'>Altius</span> <span class='ocrx_word' id='word_1_86' title='bbox 378 1071 603 1112; x_wconf 86' lang='lat' dir='ltr'>intendens</span> <span class='ocrx_word' id='word_1_87' title='bbox 624 1070 696 1112; x_wconf 90' lang='lat' dir='ltr'>sed</span> <span class='ocrx_word' id='word_1_88' title='bbox 717 1084 862 1112; x_wconf 83' lang='lat' dir='ltr'>causas</span> <span class='ocrx_word' id='word_1_89' title='bbox 884 1071 1074 1125; x_wconf 87' lang='lat' dir='ltr'>perspice</span> <span class='ocrx_word' id='word_1_90' title='bbox 1095 1074 1241 1124; x_wconf 86' lang='lat' dir='ltr'>partus</span> 
     </span>
     <span class='ocr_line' id='line_1_15' title="bbox 212 1126 1231 1181; baseline -0.001 -12"><span class='ocrx_word' id='word_1_91' title='bbox 212 1127 271 1169; x_wconf 87' lang='lat' dir='ltr'>Et</span> <span class='ocrx_word' id='word_1_92' title='bbox 290 1130 429 1169; x_wconf 91' lang='lat' dir='ltr'>totum</span> <span class='ocrx_word' id='word_1_93' title='bbox 451 1140 660 1181; x_wconf 81' lang='lat' dir='ltr'>cognosce</span> <span class='ocrx_word' id='word_1_94' title='bbox 682 1126 790 1180; x_wconf 89' lang='lat' dir='ltr'>poli:</span> <span class='ocrx_word' id='word_1_95' title='bbox 823 1141 922 1168; x_wconf 88' lang='lat' dir='ltr'>nam</span> <span class='ocrx_word' id='word_1_96' title='bbox 944 1140 1038 1168; x_wconf 89' lang='lat' dir='ltr'>rore</span> <span class='ocrx_word' id='word_1_97' title='bbox 1059 1127 1231 1168; x_wconf 89' lang='lat' dir='ltr'>maritat</span> 
     </span>
     <span class='ocr_line' id='line_1_16' title="bbox 213 1182 1247 1236; baseline -0.001 -12"><span class='ocrx_word' id='word_1_98' title='bbox 213 1184 331 1224; x_wconf 85' lang='lat' dir='ltr'>Arua</span> <span class='ocrx_word' id='word_1_99' title='bbox 352 1197 428 1225; x_wconf 87' lang='lat' dir='ltr'>suo</span> <span class='ocrx_word' id='word_1_100' title='bbox 449 1183 519 1224; x_wconf 85' lang='lat' dir='ltr'>uel</span> <span class='ocrx_word' id='word_1_101' title='bbox 539 1182 628 1223; x_wconf 91' lang='lat' dir='ltr'>sole</span> <span class='ocrx_word' id='word_1_102' title='bbox 649 1182 769 1224; x_wconf 88' lang='lat' dir='ltr'>fouet</span> <span class='ocrx_word' id='word_1_103' title='bbox 788 1182 857 1223; x_wconf 89' lang='lat' dir='ltr'>uel</span> <span class='ocrx_word' id='word_1_104' title='bbox 877 1185 1086 1236; x_wconf 77' lang='lat' dir='ltr'>temperat</span> <span class='ocrx_word' id='word_1_105' title='bbox 1107 1186 1247 1224; x_wconf 84' lang='lat' dir='ltr'>aestus</span> 
     </span>
    </p>

    <p class='ocr_par' dir='ltr' id='par_1_7' title="bbox 170 1237 1357 1516">
     <span class='ocr_line' id='line_1_17' title="bbox 170 1237 1357 1292; baseline 0.003 -14"><span class='ocrx_word' id='word_1_106' title='bbox 170 1248 191 1278; x_wconf 82' lang='lat'>5</span> <span class='ocrx_word' id='word_1_107' title='bbox 212 1239 444 1281; x_wconf 89' lang='lat' dir='ltr'>Alternans</span> <span class='ocrx_word' id='word_1_108' title='bbox 466 1238 674 1280; x_wconf 86' lang='lat' dir='ltr'>elementa</span> <span class='ocrx_word' id='word_1_109' title='bbox 694 1241 866 1292; x_wconf 79' lang='lat' dir='ltr'>potens,</span> <span class='ocrx_word' id='word_1_110' title='bbox 889 1241 936 1279; x_wconf 89' lang='lat' dir='ltr'>ut</span> <span class='ocrx_word' id='word_1_111' title='bbox 956 1237 1104 1279; x_wconf 87' lang='lat' dir='ltr'>reddat</span> <span class='ocrx_word' id='word_1_112' title='bbox 1124 1241 1167 1279; x_wconf 90' lang='lat' dir='ltr'>et</span> <span class='ocrx_word' id='word_1_113' title='bbox 1187 1239 1357 1281; x_wconf 78' lang='lat' dir='ltr'>umbras</span> 
     </span>
     <span class='ocr_line' id='line_1_18' title="bbox 213 1294 1233 1349; baseline -0.001 -13"><span class='ocrx_word' id='word_1_114' title='bbox 213 1294 433 1337; x_wconf 76' lang='lat' dir='ltr'>Montibus</span> <span class='ocrx_word' id='word_1_115' title='bbox 454 1295 651 1336; x_wconf 88' lang='lat' dir='ltr'>arboreas</span> <span class='ocrx_word' id='word_1_116' title='bbox 672 1299 715 1336; x_wconf 85' lang='lat' dir='ltr'>et</span> <span class='ocrx_word' id='word_1_117' title='bbox 735 1295 896 1335; x_wconf 87' lang='lat' dir='ltr'>culmos</span> <span class='ocrx_word' id='word_1_118' title='bbox 917 1297 1053 1335; x_wconf 87' lang='lat' dir='ltr'>armet</span> <span class='ocrx_word' id='word_1_119' title='bbox 1073 1294 1233 1349; x_wconf 71' lang='lat' dir='ltr'>aristis,</span> 
     </span>
     <span class='ocr_line' id='line_1_19' title="bbox 214 1350 1331 1405; baseline -0.001 -13"><span class='ocrx_word' id='word_1_120' title='bbox 214 1350 409 1393; x_wconf 87' lang='lat' dir='ltr'>Uentilet</span> <span class='ocrx_word' id='word_1_121' title='bbox 429 1354 471 1392; x_wconf 89' lang='lat' dir='ltr'>et</span> <span class='ocrx_word' id='word_1_122' title='bbox 490 1353 669 1392; x_wconf 89' lang='lat' dir='ltr'>matrem</span> <span class='ocrx_word' id='word_1_123' title='bbox 690 1350 910 1405; x_wconf 87' lang='lat' dir='ltr'>grauidam</span> <span class='ocrx_word' id='word_1_124' title='bbox 930 1350 1215 1404; x_wconf 83' lang='lat' dir='ltr'>pendentibus</span> <span class='ocrx_word' id='word_1_125' title='bbox 1236 1351 1331 1392; x_wconf 76' lang='lat' dir='ltr'>uuis</span> 
     </span>
     <span class='ocr_line' id='line_1_20' title="bbox 213 1406 1246 1461; baseline -0.001 -13"><span class='ocrx_word' id='word_1_126' title='bbox 213 1407 446 1461; x_wconf 85' lang='lat' dir='ltr'>Pampinus</span> <span class='ocrx_word' id='word_1_127' title='bbox 468 1406 662 1448; x_wconf 84' lang='lat' dir='ltr'>exultans</span> <span class='ocrx_word' id='word_1_128' title='bbox 683 1410 725 1448; x_wconf 85' lang='lat' dir='ltr'>et</span> <span class='ocrx_word' id='word_1_129' title='bbox 745 1406 905 1460; x_wconf 87' lang='lat' dir='ltr'>palmes</span> <span class='ocrx_word' id='word_1_130' title='bbox 927 1406 1123 1447; x_wconf 88' lang='lat' dir='ltr'>uerberet</span> <span class='ocrx_word' id='word_1_131' title='bbox 1143 1421 1246 1447; x_wconf 86' lang='lat' dir='ltr'>uuas</span> 
     </span>
     <span class='ocr_line' id='line_1_21' title="bbox 214 1461 1267 1516; baseline -0.003 -11"><span class='ocrx_word' id='word_1_132' title='bbox 214 1462 530 1516; x_wconf 83' lang='lat' dir='ltr'>Contortusque</span> <span class='ocrx_word' id='word_1_133' title='bbox 551 1462 655 1503; x_wconf 86' lang='lat' dir='ltr'>fluat</span> <span class='ocrx_word' id='word_1_134' title='bbox 674 1462 787 1503; x_wconf 90' lang='lat' dir='ltr'>nodo</span> <span class='ocrx_word' id='word_1_135' title='bbox 809 1461 1020 1503; x_wconf 88' lang='lat' dir='ltr'>uiridante</span> <span class='ocrx_word' id='word_1_136' title='bbox 1044 1463 1267 1515; x_wconf 73' lang='lat' dir='ltr'>corymbus</span> 
     </span>
    </p>

    <p class='ocr_par' dir='ltr' id='par_1_8' title="bbox 149 1518 1250 1796">
     <span class='ocr_line' id='line_1_22' title="bbox 149 1518 1246 1573; baseline 0 -15"><span class='ocrx_word' id='word_1_137' title='bbox 149 1527 191 1558; x_wconf 88' lang='lat'>10</span> <span class='ocrx_word' id='word_1_138' title='bbox 209 1518 269 1561; x_wconf 87' lang='lat' dir='ltr'>Et</span> <span class='ocrx_word' id='word_1_139' title='bbox 288 1533 508 1573; x_wconf 85' lang='lat' dir='ltr'>nunquam</span> <span class='ocrx_word' id='word_1_140' title='bbox 530 1518 721 1572; x_wconf 87' lang='lat' dir='ltr'>positura</span> <span class='ocrx_word' id='word_1_141' title='bbox 742 1532 883 1559; x_wconf 85' lang='lat' dir='ltr'>comas</span> <span class='ocrx_word' id='word_1_142' title='bbox 905 1519 1099 1559; x_wconf 83' lang='lat' dir='ltr'>flectatur</span> <span class='ocrx_word' id='word_1_143' title='bbox 1119 1518 1246 1559; x_wconf 87' lang='lat' dir='ltr'>oliua.</span> 
     </span>
     <span class='ocr_line' id='line_1_23' title="bbox 213 1574 1223 1628; baseline -0.002 -12"><span class='ocrx_word' id='word_1_144' title='bbox 213 1576 275 1616; x_wconf 87' lang='lat' dir='ltr'>At</span> <span class='ocrx_word' id='word_1_145' title='bbox 293 1575 328 1616; x_wconf 87' lang='lat' dir='ltr'>si</span> <span class='ocrx_word' id='word_1_146' title='bbox 349 1574 576 1628; x_wconf 86' lang='lat' dir='ltr'>temperies</span> <span class='ocrx_word' id='word_1_147' title='bbox 596 1588 738 1615; x_wconf 88' lang='lat' dir='ltr'>rerum</span> <span class='ocrx_word' id='word_1_148' title='bbox 760 1577 1002 1628; x_wconf 86' lang='lat' dir='ltr'>opportuna</span> <span class='ocrx_word' id='word_1_149' title='bbox 1022 1577 1223 1628; x_wconf 83' lang='lat' dir='ltr'>negetur,</span> 
     </span>
     <span class='ocr_line' id='line_1_24' title="bbox 213 1629 1227 1683; baseline -0.002 -11"><span class='ocrx_word' id='word_1_150' title='bbox 213 1630 449 1672; x_wconf 87' lang='lat' dir='ltr'>Infecunda</span> <span class='ocrx_word' id='word_1_151' title='bbox 468 1630 613 1671; x_wconf 83' lang='lat' dir='ltr'>forent</span> <span class='ocrx_word' id='word_1_152' title='bbox 633 1629 887 1683; x_wconf 85' lang='lat' dir='ltr'>squallentia</span> <span class='ocrx_word' id='word_1_153' title='bbox 907 1630 1071 1670; x_wconf 86' lang='lat' dir='ltr'>uiscera</span> <span class='ocrx_word' id='word_1_154' title='bbox 1091 1634 1227 1670; x_wconf 88' lang='lat' dir='ltr'>terrae</span> 
     </span>
     <span class='ocr_line' id='line_1_25' title="bbox 214 1685 1184 1740; baseline -0.001 -13"><span class='ocrx_word' id='word_1_155' title='bbox 214 1685 272 1727; x_wconf 86' lang='lat' dir='ltr'>Et</span> <span class='ocrx_word' id='word_1_156' title='bbox 292 1686 418 1727; x_wconf 87' lang='lat' dir='ltr'>limos</span> <span class='ocrx_word' id='word_1_157' title='bbox 440 1685 613 1726; x_wconf 87' lang='lat' dir='ltr'>obducit</span> <span class='ocrx_word' id='word_1_158' title='bbox 633 1699 736 1740; x_wconf 86' lang='lat' dir='ltr'>ager</span> <span class='ocrx_word' id='word_1_159' title='bbox 756 1685 954 1738; x_wconf 87' lang='lat' dir='ltr'>deceptus</span> <span class='ocrx_word' id='word_1_160' title='bbox 977 1685 1184 1726; x_wconf 83' lang='lat' dir='ltr'>inhaeret.</span> 
     </span>
     <span class='ocr_line' id='line_1_26' title="bbox 213 1740 1250 1796; baseline -0.002 -13"><span class='ocrx_word' id='word_1_161' title='bbox 213 1741 425 1796; x_wconf 88' lang='lat' dir='ltr'>Discipuli</span> <span class='ocrx_word' id='word_1_162' title='bbox 447 1741 505 1782; x_wconf 88' lang='lat' dir='ltr'>sic</span> <span class='ocrx_word' id='word_1_163' title='bbox 532 1741 689 1795; x_wconf 87' lang='lat' dir='ltr'>quippe</span> <span class='ocrx_word' id='word_1_164' title='bbox 711 1741 839 1782; x_wconf 87' lang='lat' dir='ltr'>silent</span> <span class='ocrx_word' id='word_1_165' title='bbox 860 1741 894 1781; x_wconf 85' lang='lat' dir='ltr'>si</span> <span class='ocrx_word' id='word_1_166' title='bbox 915 1740 1026 1782; x_wconf 87' lang='lat' dir='ltr'>forte</span> <span class='ocrx_word' id='word_1_167' title='bbox 1047 1741 1250 1795; x_wconf 86' lang='lat' dir='ltr'>magister</span> 
     </span>
    </p>

    <p class='ocr_par' dir='ltr' id='par_1_9' title="bbox 149 1796 1319 2019">
     <span class='ocr_line' id='line_1_27' title="bbox 149 1796 1319 1851; baseline -0.001 -13"><span class='ocrx_word' id='word_1_168' title='bbox 149 1807 191 1838; x_wconf 89' lang='lat'>15</span> <span class='ocrx_word' id='word_1_169' title='bbox 212 1797 425 1851; x_wconf 83' lang='lat' dir='ltr'>Tollatur,</span> <span class='ocrx_word' id='word_1_170' title='bbox 447 1797 641 1839; x_wconf 85' lang='lat' dir='ltr'>doctrina</span> <span class='ocrx_word' id='word_1_171' title='bbox 661 1799 813 1850; x_wconf 86' lang='lat' dir='ltr'>potens</span> <span class='ocrx_word' id='word_1_172' title='bbox 835 1811 917 1850; x_wconf 88' lang='lat' dir='ltr'>qua</span> <span class='ocrx_word' id='word_1_173' title='bbox 938 1796 1146 1850; x_wconf 87' lang='lat' dir='ltr'>praeduce</span> <span class='ocrx_word' id='word_1_174' title='bbox 1168 1796 1319 1837; x_wconf 85' lang='lat' dir='ltr'>ductor</span> 
     </span>
     <span class='ocr_line' id='line_1_28' title="bbox 214 1851 1283 1907; baseline -0.003 -12"><span class='ocrx_word' id='word_1_175' title='bbox 214 1854 490 1907; x_wconf 82' lang='lat' dir='ltr'>Antistesque</span> <span class='ocrx_word' id='word_1_176' title='bbox 511 1855 623 1894; x_wconf 89' lang='lat' dir='ltr'>tuus.</span> <span class='ocrx_word' id='word_1_177' title='bbox 665 1851 714 1893; x_wconf 92' lang='lat' dir='ltr'>de</span> <span class='ocrx_word' id='word_1_178' title='bbox 735 1855 878 1894; x_wconf 87' lang='lat' dir='ltr'>uestro</span> <span class='ocrx_word' id='word_1_179' title='bbox 899 1852 1019 1894; x_wconf 85' lang='lat' dir='ltr'>fonte</span> <span class='ocrx_word' id='word_1_180' title='bbox 1030 1885 1041 1905; x_wconf 83' lang='lat'><em>‚</em></span> <span class='ocrx_word' id='word_1_181' title='bbox 1063 1855 1283 1907; x_wconf 89' lang='lat' dir='ltr'>magister,</span> 
     </span>
     <span class='ocr_line' id='line_1_29' title="bbox 215 1908 1271 1963; baseline -0.002 -12"><span class='ocrx_word' id='word_1_182' title='bbox 215 1909 466 1951; x_wconf 89' lang='lat' dir='ltr'>Romuleam</span> <span class='ocrx_word' id='word_1_183' title='bbox 487 1909 622 1950; x_wconf 85' lang='lat' dir='ltr'>laetus</span> <span class='ocrx_word' id='word_1_184' title='bbox 643 1923 764 1950; x_wconf 90' lang='lat' dir='ltr'>sumo</span> <span class='ocrx_word' id='word_1_185' title='bbox 785 1923 862 1962; x_wconf 89' lang='lat' dir='ltr'>pro</span> <span class='ocrx_word' id='word_1_186' title='bbox 884 1908 1058 1950; x_wconf 89' lang='lat' dir='ltr'>flumine</span> <span class='ocrx_word' id='word_1_187' title='bbox 1080 1908 1271 1963; x_wconf 84' lang='lat' dir='ltr'>linguam</span> 
     </span>
     <span class='ocr_line' id='line_1_30' title="bbox 213 1964 1223 2019; baseline -0.002 -13"><span class='ocrx_word' id='word_1_188' title='bbox 213 1965 270 2006; x_wconf 89' lang='lat' dir='ltr'>Et</span> <span class='ocrx_word' id='word_1_189' title='bbox 291 1965 455 2019; x_wconf 87' lang='lat' dir='ltr'>pallens</span> <span class='ocrx_word' id='word_1_190' title='bbox 476 1964 604 2005; x_wconf 90' lang='lat' dir='ltr'>reddo</span> <span class='ocrx_word' id='word_1_191' title='bbox 626 1978 702 2018; x_wconf 91' lang='lat' dir='ltr'>pro</span> <span class='ocrx_word' id='word_1_192' title='bbox 725 1964 919 2018; x_wconf 83' lang='lat' dir='ltr'>frugibus</span> <span class='ocrx_word' id='word_1_193' title='bbox 940 1965 1029 2018; x_wconf 89' lang='lat' dir='ltr'>ipse</span> <span class='ocrx_word' id='word_1_194' title='bbox 1050 1978 1223 2018; x_wconf 88' lang='lat' dir='ltr'>poema:</span> 
     </span>
    </p>
   </div>
   <div class='ocr_carea' id='block_1_6' title="bbox 128 2078 1411 2337">
    <p class='ocr_par' dir='ltr' id='par_1_10' title="bbox 128 2078 1411 2337">
     <span class='ocr_line' id='line_1_31' title="bbox 221 2078 1408 2120; baseline 0.001 -10"><span class='ocrx_word' id='word_1_195' title='bbox 221 2080 284 2111; x_wconf 76' lang='lat'>156</span> <span class='ocrx_word' id='word_1_196' title='bbox 309 2081 455 2110; x_wconf 79' lang='lat' dir='ltr'>anteum</span> <span class='ocrx_word' id='word_1_197' title='bbox 536 2080 549 2109; x_wconf 97' lang='lat'>1</span> <span class='ocrx_word' id='word_1_198' title='bbox 579 2078 712 2110; x_wconf 75' lang='lat' dir='ltr'>creatis</span> <span class='ocrx_word' id='word_1_199' title='bbox 739 2089 828 2110; x_wconf 76' lang='lat' dir='ltr'>corr.</span> <span class='ocrx_word' id='word_1_200' title='bbox 847 2078 974 2110; x_wconf 72' lang='lat' dir='ltr'>theclz.</span> <span class='ocrx_word' id='word_1_201' title='bbox 1051 2080 1070 2110; x_wconf 79' lang='lat'><strong>2</strong></span> <span class='ocrx_word' id='word_1_202' title='bbox 1098 2081 1225 2120; x_wconf 84' lang='lat' dir='ltr'>partas</span> <span class='ocrx_word' id='word_1_203' title='bbox 1303 2080 1322 2111; x_wconf 93' lang='lat'><strong>3</strong></span> <span class='ocrx_word' id='word_1_204' title='bbox 1349 2089 1408 2112; x_wconf 92' lang='lat' dir='ltr'>co-</span> 
     </span>
     <span class='ocr_line' id='line_1_32' title="bbox 129 2123 1409 2164; baseline 0.001 -10"><span class='ocrx_word' id='word_1_205' title='bbox 129 2133 238 2156; x_wconf 80' lang='lat' dir='ltr'>nosee</span> <span class='ocrx_word' id='word_1_206' title='bbox 319 2125 339 2155; x_wconf 83' lang='lat'>4</span> <span class='ocrx_word' id='word_1_207' title='bbox 364 2129 530 2164; x_wconf 83' lang='lat' dir='ltr'>tempera.</span> <span class='ocrx_word' id='word_1_208' title='bbox 556 2123 707 2155; x_wconf 74' lang='lat' dir='ltr'>haustus</span> <span class='ocrx_word' id='word_1_209' title='bbox 732 2123 776 2161; x_wconf 77' lang='lat' dir='ltr'>cf.</span> <span class='ocrx_word' id='word_1_210' title='bbox 797 2124 899 2155; x_wconf 84' lang='lat' dir='ltr'>Drac.</span> <span class='ocrx_word' id='word_1_211' title='bbox 923 2125 964 2155; x_wconf 82' lang='lat' dir='ltr'>de</span> <span class='ocrx_word' id='word_1_212' title='bbox 989 2124 1052 2155; x_wconf 81' lang='lat' dir='ltr'>deo</span> <span class='ocrx_word' id='word_1_213' title='bbox 1074 2123 1095 2155; x_wconf 94' lang='lat' dir='ltr'><em>I</em></span> <span class='ocrx_word' id='word_1_214' title='bbox 1112 2125 1177 2155; x_wconf 80' lang='lat'>590</span> <span class='ocrx_word' id='word_1_215' title='bbox 1258 2123 1278 2154; x_wconf 89' lang='grc'>6</span> <span class='ocrx_word' id='word_1_216' title='bbox 1303 2123 1409 2155; x_wconf 85' lang='lat' dir='ltr'>arbo·</span> 
     </span>
     <span class='ocr_line' id='line_1_33' title="bbox 129 2167 1411 2210; baseline 0 -10"><span class='ocrx_word' id='word_1_217' title='bbox 129 2169 201 2200; x_wconf 82' lang='lat' dir='ltr'>reis</span> <span class='ocrx_word' id='word_1_218' title='bbox 225 2178 317 2200; x_wconf 85' lang='lat' dir='ltr'>corr.</span> <span class='ocrx_word' id='word_1_219' title='bbox 335 2168 463 2202; x_wconf 79' lang='lat' dir='ltr'>Buech.</span> <span class='ocrx_word' id='word_1_220' title='bbox 560 2169 598 2199; x_wconf 93' lang='lat' dir='ltr'>ll</span> <span class='ocrx_word' id='word_1_221' title='bbox 625 2172 804 2209; x_wconf 79' lang='lat' dir='ltr'>oportuna</span> <span class='ocrx_word' id='word_1_222' title='bbox 899 2171 938 2200; x_wconf 85' lang='lat'>13</span> <span class='ocrx_word' id='word_1_223' title='bbox 964 2167 1081 2200; x_wconf 88' lang='lat' dir='ltr'>limus.</span> <span class='ocrx_word' id='word_1_224' title='bbox 1123 2173 1224 2200; x_wconf 75' lang='lat' dir='ltr'>aulea</span> <span class='ocrx_word' id='word_1_225' title='bbox 1248 2170 1411 2210; x_wconf 81' lang='lat' dir='ltr'>temptaui</span> 
     </span>
     <span class='ocr_line' id='line_1_34' title="bbox 128 2210 1410 2255; baseline 0 -11"><span class='ocrx_word' id='word_1_226' title='bbox 128 2212 225 2245; x_wconf 82' lang='lat' dir='ltr'>limis</span> <span class='ocrx_word' id='word_1_227' title='bbox 257 2212 463 2253; x_wconf 70' lang='lat' dir='ltr'>obductus!</span> <span class='ocrx_word' id='word_1_228' title='bbox 485 2210 643 2255; x_wconf 61' lang='lat' dir='ltr'>inheret]</span> <span class='ocrx_word' id='word_1_229' title='bbox 676 2213 812 2244; x_wconf 84' lang='lat' dir='ltr'>inertes</span> <span class='ocrx_word' id='word_1_230' title='bbox 838 2212 964 2245; x_wconf 78' lang='lat' dir='ltr'>Bueclz.</span> <span class='ocrx_word' id='word_1_231' title='bbox 990 2215 1178 2254; x_wconf 75' lang='lat' dir='ltr'>proposuit.</span> <span class='ocrx_word' id='word_1_232' title='bbox 1225 2214 1308 2245; x_wconf 79' lang='lat' dir='ltr'>latet</span> <span class='ocrx_word' id='word_1_233' title='bbox 1333 2214 1410 2253; x_wconf 80' lang='lat' dir='ltr'>for-</span> 
     </span>
     <span class='ocr_line' id='line_1_35' title="bbox 128 2257 1407 2300; baseline -0.001 -10"><span class='ocrx_word' id='word_1_234' title='bbox 128 2261 220 2290; x_wconf 73' lang='lat' dir='ltr'>tasse</span> <span class='ocrx_word' id='word_1_235' title='bbox 240 2258 430 2299; x_wconf 71' lang='lat' dir='ltr'>imperfecti</span> <span class='ocrx_word' id='word_1_236' title='bbox 447 2259 559 2299; x_wconf 79' lang='lat' dir='ltr'>forma</span> <span class='ocrx_word' id='word_1_237' title='bbox 654 2259 694 2289; x_wconf 82' lang='lat'>15</span> <span class='ocrx_word' id='word_1_238' title='bbox 719 2257 835 2289; x_wconf 79' lang='lat' dir='ltr'>dictor</span> <span class='ocrx_word' id='word_1_239' title='bbox 942 2259 982 2289; x_wconf 85' lang='lat'>17</span> <span class='ocrx_word' id='word_1_240' title='bbox 1014 2257 1225 2290; x_wconf 84' lang='lat' dir='ltr'>Romuleum</span> <span class='ocrx_word' id='word_1_241' title='bbox 1245 2257 1250 2300; x_wconf 80' lang='grc' dir='ltr'>Ι</span> <span class='ocrx_word' id='word_1_242' title='bbox 1271 2267 1407 2290; x_wconf 81' lang='lat' dir='ltr'>summo</span> 
     </span>
     <span class='ocr_line' id='line_1_36' title="bbox 128 2302 880 2337; baseline 0.004 -3"><span class='ocrx_word' id='word_1_243' title='bbox 128 2312 219 2337; x_wconf 77' lang='lat' dir='ltr'>corr.</span> <span class='ocrx_word' id='word_1_244' title='bbox 247 2302 372 2335; x_wconf 77' lang='lat' dir='ltr'>Buech.</span> <span class='ocrx_word' id='word_1_245' title='bbox 875 2323 880 2326; x_wconf 60' lang='lat'><em>&lt;</em></span> 
     </span>
    </p>
   </div>
  </div>
 </body>
</html>
