1635 2522
591 113 678 147 vm
703 113 881 147 363—425
1317 110 1371 151 43

183 215 449 260 Circumfusa
468 214 568 267 rati,
594 215 809 254 uast-arum
831 212 960 253 turris
979 226 1184 266 aquarum

178 272 343 316 Pendet
363 274 404 313 et
423 270 522 312 elati
543 268 780 324 percellunt
800 269 972 309 carbasa
993 268 1157 309 fluetus.

181 327 382 383 Obriguit
401 341 477 382 per
496 325 684 367 membra
705 324 844 376 Paris,
866 324 1046 365 transire
1067 324 1246 378 parabat

180 383 247 426 Ad
268 384 505 439 legatorum
525 381 700 437 propria
721 380 769 421 de
793 395 903 421 naue
925 380 1098 421 carinas.

95 448 163 481 400
178 441 261 482 Ast
279 440 351 481 ubi
373 439 581 493 dispersos
604 437 734 492 longo
756 436 872 477 uidet
892 450 1074 490 aequore
1095 435 1247 490 Troas,

180 495 371 538 Soluitur
390 496 435 536 in
457 494 639 550 gemitus
660 493 906 534 lacrimosae
929 492 1046 533 uocis
1067 506 1231 534 amaros

178 552 236 594 Et
256 553 315 593 sic
337 566 457 593 orsus
479 550 556 591 ait:
589 549 725 590 ‘felici
746 551 859 590 sorte
880 548 1010 589 creati

178 607 376 650 Pastores
398 621 504 661 quos
525 609 637 646 terra
658 605 771 658 capit
792 619 897 658 quos
918 604 1037 645 nulla
1057 604 1244 658 procella

180 663 392 705 Concutit.
417 661 530 702 haud
543 661 664 715 ponti
678 664 875 701 metuunt
886 674 1012 713 super
1024 674 1209 714 aequora
1219 659 1371 701 fluctus

93 727 160 760 405
175 718 233 762 Et
253 718 445 760 rabidum
466 717 642 772 pelagus
663 719 861 757 temnunt
882 715 1135 756 latrantibus
1157 715 1301 770 undis,

178 774 260 817 Sed
281 774 391 816 celso
414 773 464 814 de
485 776 629 814 monte
651 772 799 813 uident
819 775 867 813 ut
886 772 931 812 in
952 785 1046 812 arce
1067 771 1260 812 sedentes

177 830 341 873 Pascua
360 844 459 871 rura
478 843 627 870 nemus
647 828 788 869 fontes
810 831 853 869 et
874 827 1049 868 flumina
1069 830 1209 881 prata,

179 886 262 929 Per
282 900 452 940 campos
473 885 627 940 gestire
648 898 793 938 pecus,
816 883 998 937 pendere
1020 883 1202 937 capellas

179 942 413 996 Praerupta
434 941 483 982 de
506 955 609 994 rupe
632 940 779 994 procul
801 940 972 980 dumeta
993 942 1236 994 sequentes,

93 1007 160 1040 410
175 998 233 1040 Et
253 998 409 1039 uirides
429 997 610 1039 tondent
630 996 799 1036 lasciuis
820 995 1017 1036 dentibus
1038 995 1210 1049 herbas,

180 1054 323 1097 Ubera
342 1054 547 1095 lactentes
569 1051 837 1093 contundunt
857 1052 1070 1092 frontibus
1092 1051 1213 1106 agni,

176 1110 290 1152 Dum
313 1109 445 1151 cauda
466 1109 676 1163 crispante
698 1110 888 1149 tremunt
909 1107 1111 1161 mollique
1132 1107 1276 1161 palato

177 1166 405 1218 Exustam,
426 1170 574 1220 potare
597 1165 712 1206 cibos
733 1167 859 1218 atque
881 1163 1001 1204 edere
1023 1166 1149 1217 potus

177 1222 385 1264 Mulctrae
406 1221 624 1263 balantum
647 1220 853 1274 depressis
874 1219 1003 1260 ubera
1024 1220 1229 1260 mammis.

95 1287 162 1320 415
177 1278 419 1321 Decedente
441 1278 506 1319 die
527 1277 664 1318 noctis
687 1276 956 1317 uenientibus
977 1276 1136 1316 umbris

179 1335 373 1384 Quantus
394 1348 533 1387 amor,
566 1347 662 1374 cum
685 1332 793 1374 lacte
815 1346 929 1373 nouo
951 1332 1036 1372 iam
1057 1345 1202 1373 caseus
1224 1331 1370 1372 albens

178 1390 405 1432 Formatur
425 1390 704 1443 manibusque
721 1389 875 1442 premit
895 1388 959 1429 lac
979 1391 1126 1441 pastor
1141 1387 1193 1428 ad
1212 1387 1370 1441 orbem,

180 1446 370 1489 Candida
390 1445 617 1487 summittit
637 1445 852 1486 feruentes
875 1444 1027 1485 bucula
1047 1446 1191 1484 tauros

180 1502 503 1556 Committitque
526 1501 651 1542 duces
673 1503 834 1541 armata
854 1500 997 1541 fronte
1021 1500 1237 1540 iuuencos.

93 1567 160 1598 420
175 1558 287 1600 Nam
305 1559 448 1614 grauis
467 1561 530 1599 est
544 1570 722 1612 regnare
740 1557 871 1609 labor,
890 1559 1027 1597 metus
1045 1556 1204 1596 excutit
1218 1555 1371 1610 ingens

181 1614 319 1657 Corda
341 1614 491 1655 ducum
514 1628 567 1655 ne
588 1613 699 1654 bella
721 1615 847 1653 ruant
866 1626 920 1653 ne
941 1611 1026 1652 tela
1046 1612 1264 1652 minentur

178 1671 369 1712 Exitium
390 1670 579 1722 crudele,
601 1670 716 1710 necis
738 1669 866 1709 timor
887 1668 1026 1709 omnis
1047 1668 1203 1721 ubique
1225 1670 1300 1708 est.

178 1726 289 1768 Nam
311 1725 475 1781 gladios
494 1725 646 1766 tellure
667 1728 827 1779 pauent
847 1724 1084 1778 pelagoque
1108 1723 1315 1777 procellas

178 1782 428 1824 Formidant
448 1795 525 1823 nec
546 1781 674 1836 plena
694 1781 818 1822 datur
838 1780 954 1821 ducis
975 1779 1081 1821 hora
1102 1779 1264 1834 quieti.'

94 1847 161 1878 425
177 1838 291 1880 Dum
302 1838 504 1892 loquitur,
519 1838 638 1879 uenit
655 1837 768 1878 unda
781 1836 923 1892 grauis
937 1839 1192 1890 resonatque
1201 1835 1371 1890 fragore

184 1943 250 1974 397
275 1951 340 1983 per
364 1940 503 1973 coelum
529 1951 619 1973 corr.
638 1940 765 1972 Bnedz.
791 1951 831 1969 m.
856 1940 907 1970 rh.
1000 1940 1065 1970 402
1093 1938 1215 1970 foelici
1305 1939 1372 1970 404

95 1989 158 2019 aut
181 1997 272 2019 corr.
292 1985 312 2017 I
320 1985 362 2017 JI
449 1990 527 2026 post
553 1987 617 2017 409
644 1995 760 2016 uersus
786 1985 919 2016 uidetur
941 1985 1085 2024 periisse
1110 1994 1178 2014 eum
1203 1984 1372 2024 particula

92 2030 197 2064 uerba
217 2032 316 2069 finita
340 2036 478 2071 reyente
562 2031 628 2062 410
654 2030 805 2060 tundent
829 2039 919 2060 carr.
948 2028 1014 2059 [Μ
1097 2030 1156 2059 411
1186 2027 1372 2059 lactantes

93 2086 184 2109 corr.
201 2075 328 2108 Buech.
416 2077 480 2107 414
504 2074 665 2106 Mulcere
692 2084 779 2106 corr.
802 2073 928 2105 Bneclz.
947 2073 1108 2114 mulgere
1129 2072 1195 2104 [M
1215 2075 1220 2111 Ι
1242 2071 1372 2112 palmis

92 2123 305 2162 scripserunt
329 2120 400 2152 JJI
477 2121 543 2152 415
567 2119 659 2151 diem
686 2130 775 2151 corr.
803 2118 870 2150 lM
948 2120 1013 2150 419
1039 2121 1092 2150 uel
1116 2121 1298 2158 corruptus
1321 2121 1372 2148 est

94 2176 212 2198 uenus
236 2168 290 2198 uel
312 2170 390 2206 post
407 2175 476 2197 eum
503 2166 660 2197 nonnulla
677 2165 888 2196 exciderunt.
965 2165 1031 2194 420
1057 2163 1160 2195 labor
1177 2163 1276 2194 etiam
1294 2166 1372 2192 onte

93 2220 250 2253 regnare
273 2211 435 2251 scriptum
460 2215 511 2242 est
539 2211 602 2241 sed
629 2214 831 2251 expunctum
923 2210 986 2240 421
1016 2207 1155 2239 Cordax
1180 2218 1270 2239 corr.
1304 2206 1325 2237 I
1334 2205 1375 2237 M

92 2256 159 2288 422
184 2255 329 2287 Exitum
353 2265 442 2287 corr.
470 2254 559 2294 [Ml
586 2254 664 2286 neci
689 2264 778 2286 ror-r.
807 2253 931 2286 Bueclae.
957 2265 996 2287 m.
1022 2253 1073 2284 rle.
1166 2254 1232 2284 423
1258 2251 1372 2292 pella·

94 2309 213 2342 goque
304 2301 369 2332 424
396 2300 496 2341 quoti
521 2311 613 2332 corr.
642 2299 711 2331 [Μ

1381 781 1421 812 [P-
1440 781 1486 812 54]
