1635 2522
680 139 713 171 v
738 141 846 172 1—55
1353 139 1401 179 11

212 239 419 282 Hostibus
440 238 666 281 obstrictus
687 238 848 292 patriae
869 236 920 279 de
941 237 1058 279 clade
1079 237 1234 292 pacisci
1422 250 1465 281 [p.
1485 251 1529 282 ιι]

215 294 335 338 Clam
355 295 496 350 potuit
516 295 589 349 qui
610 308 736 336 saeua
756 296 896 347 parat,
919 293 991 347 qui
1013 293 1123 334 eolla
1142 293 1374 348 propinqui

147 360 192 392 25
213 351 330 394 Ciuis
351 354 394 392 et
412 350 594 392 insontis
613 350 766 391 nititur
785 352 982 390 truncare
1005 352 1216 391 eruentus.

217 406 482 449 Perdidimus
505 420 778 461 quoscunque
800 405 935 457 uiros,
956 405 1067 446 forte
1088 405 1167 446 iste
1188 406 1369 447 neeauit.

218 462 404 505 Classica
425 462 523 504 dum
544 462 723 503 reboant
743 464 786 502 et
805 460 961 502 Martia
981 461 1067 502 tela
1086 461 1293 515 pluuntur
1301 495 1312 515 ,

211 518 330 560 Inter
348 519 526 560 ferratas
547 518 658 559 acies
678 517 892 571 lituosque
913 519 1113 558 sonantes

214 574 377 616 Obuius
398 578 560 615 armato
582 573 727 614 iuueni
748 574 783 614 si
805 573 910 614 ciuis
931 573 1113 626 adesset,

148 638 193 670 30
214 629 324 679 Quid
344 630 503 671 faceret
523 629 595 683 qui
616 629 662 669 in
683 643 785 683 paee
807 629 930 682 furit,
954 629 1025 683 qui
1047 629 1241 682 turpibus
1263 629 1394 671 instat

213 685 422 728 Mortibus
443 686 680 738 insontum,
703 685 776 738 qui
798 684 948 725 funera
968 699 1112 738 pressa
1133 685 1367 726 reformat?

214 740 382 784 seruati
403 742 507 783 ciuis
528 754 642 782 nune
662 743 763 781 sunt
783 740 855 781 ubi
876 741 1065 794 praemia
1085 741 1294 794 quercus?

212 797 390 839 Reddite
411 797 544 850 bella,
566 796 709 849 duces,
732 796 925 837 inimicas
946 795 1107 837 reddite
1128 800 1296 850 gentes,

213 853 426 895 Barbarus
449 853 586 895 omnis
608 855 694 905 eat,
716 852 887 906 rapiant
907 852 1032 893 simul
1054 866 1171 893 arma
1191 851 1355 893 Sueuus

16 911 41 930 '·
100 945 105 949 .
146 917 189 949 35
210 908 402 952 Sarmata
418 909 547 950 Persa
562 909 729 950 Gothus
741 908 1005 949 Alamannus
1022 907 1210 949 Francus
1225 908 1401 961 Alanus,

210 964 294 1008 Uel
315 979 590 1020 quaecunque
614 964 750 1005 latent
769 967 917 1019 gentes
938 964 1155 1018 Aquilone
1175 967 1382 1017 remotae,

207 1021 259 1063 In
274 1035 352 1063 nos
366 1021 451 1062 tela
466 1024 634 1075 parent:
660 1021 801 1061 minor
825 1023 888 1061 est
903 1035 1049 1073 pauor,
1072 1020 1236 1061 aduena
1252 1034 1401 1074 campo

209 1077 394 1119 Prodeat
414 1080 618 1128 armatus,
640 1077 772 1117 muris
793 1090 961 1117 seruare
983 1076 1163 1116 salutem

211 1131 257 1175 Si
277 1147 462 1187 nequeas
487 1146 678 1187 pugnare
699 1132 811 1173 licet.
853 1147 947 1173 eum
970 1132 1062 1172 ciue
1083 1146 1158 1185 per
1178 1131 1327 1172 urbem

144 1196 188 1228 40
207 1189 362 1230 Infelix
384 1188 485 1242 quid
506 1189 611 1230 ciuis
632 1191 750 1243 agat,
773 1188 875 1242 quid
895 1190 1020 1229 nocte
1043 1187 1192 1242 dieque

210 1244 384 1286 Moenia
403 1248 541 1286 rostra
561 1244 702 1286 forum
722 1244 924 1299 capitolia
943 1243 1103 1297 templa
1122 1246 1298 1298 penates

209 1300 448 1342 Inlustrans
469 1303 512 1342 et
531 1300 632 1341 fana
653 1300 778 1341 simul
800 1299 973 1341 delubra
994 1299 1161 1340 theatra

211 1355 451 1398 Circumeat
471 1370 566 1397 eum
587 1357 679 1398 ciue
700 1356 833 1410 malo,
859 1370 954 1397 eum
976 1355 1068 1396 ciue
1093 1355 1301 1397 cruento?

208 1411 364 1454 Nullus
385 1413 437 1453 ab
458 1412 622 1453 insidiis
643 1412 760 1453 loeus
781 1415 845 1453 est
869 1412 941 1466 qui
962 1411 1109 1452 fraude
1131 1412 1310 1453 uacabit.

142 1476 186 1508 45
206 1467 326 1509 Adde
348 1468 461 1522 quod
483 1469 614 1509 iratus
636 1469 774 1509 uictor
795 1482 890 1509 cum
911 1468 1004 1522 lege
1026 1467 1214 1508 minatur

205 1524 264 1566 Et
282 1524 394 1566 lator
413 1525 519 1579 legis
540 1524 682 1565 ciuilia
702 1525 794 1565 iura
815 1524 1002 1577 repellit,

209 1579 270 1621 Ut
287 1581 426 1635 legem
448 1583 611 1634 premat
631 1581 720 1634 ipse
742 1595 862 1621 suam
884 1594 1011 1633 quam
1032 1581 1229 1620 sanxerat
1249 1582 1367 1634 ante,

209 1635 321 1678 Dum
344 1637 482 1677 uictor
502 1639 600 1689 post
619 1636 731 1677 bella
751 1635 878 1689 redit,
907 1650 1001 1677 eum
1022 1635 1142 1676 testis
1164 1635 1306 1691 imago

206 1691 240 1733 F
245 1695 434 1734 ormatur
454 1692 624 1733 uirtutis
647 1691 783 1733 honos
804 1695 847 1732 et
867 1691 1005 1746 gloria
1027 1691 1182 1745 campi,

145 1755 189 1787 50
208 1747 442 1790 Laetantur
461 1748 604 1800 mites,
627 1748 838 1802 gaudebat
864 1748 990 1788 turba
1011 1761 1179 1788 reorum

206 1803 265 1845 Et
283 1804 454 1845 ueniam
475 1804 676 1845 meruisse
697 1806 861 1858 putant.
904 1804 998 1857 quis
1020 1803 1125 1844 ciuis
1149 1803 1313 1856 asylum

207 1858 363 1911 Credat
382 1860 427 1901 in
449 1874 543 1901 aree
566 1860 727 1901 micans
747 1860 988 1901 insontibus
1009 1873 1099 1900 esse
1119 1859 1358 1913 periclum?
1420 1869 1460 1899 [1›·
1480 1868 1525 1898 12]

206 1937 376 1992 Pauper
395 1937 514 1979 adest
533 1937 796 1979 miserandus
824 1938 948 1992 inops
969 1938 1041 1979 sed
1063 1937 1168 1978 ciuis
1195 1936 1400 1978 honestus
1414 1945 1525 1972 Narra·

208 1992 384 2048 Semper
405 2007 534 2048 egens
554 1993 728 2035 humilis
749 1993 902 2048 dignus
924 2008 1049 2047 quem
1070 1993 1187 2034 diues
1207 1996 1380 2046 amaret,
1445 1979 1492 2006 ‘¹⁰

141 2058 184 2089 55
206 2049 334 2091 Cuius
354 2049 400 2090 in
422 2050 624 2104 obsequio
645 2049 844 2091 famulari
865 2053 1008 2103 posset
1028 2049 1243 2103 alumnus,

213 2142 256 2174 23
280 2141 469 2174 obstrutus
495 2152 585 2174 corr.
613 2141 739 2174 Bueclz.
816 2142 859 2173 2ss
884 2141 998 2173 sortes
1075 2143 1117 2173 32
1144 2141 1282 2183 premia
1357 2143 1400 2174 35

123 2185 284 2218 Gotthus
386 2187 428 2219 38
452 2186 638 2218 Producat
666 2187 781 2219 nersui
810 2188 970 2228 praefixa
1000 2192 1050 2218 est
1081 2189 1296 2227 corruptelae
1322 2191 1400 2218 nola

121 2231 164 2262 41
191 2234 370 2272 poenates
438 2232 481 2262 42
507 2231 708 2271 Inlustrant
731 2241 821 2262 corr.
849 2231 974 2263 Bueele.
1047 2232 1089 2262 47
1116 2231 1197 2272 ipsa
1268 2232 1310 2263 50
1336 2231 1400 2262 mi-

124 2273 195 2317 tes]
221 2276 351 2308 maesti
368 2277 470 2308 uoluit
488 2275 614 2307 Bneclz.
685 2278 727 2309 55
751 2276 876 2308 Turba
902 2276 1136 2317 superborum
1162 2276 1195 2307 in
1213 2276 1307 2308 ιἰιίιὶο
1325 2286 1399 2308 uer-

122 2329 183 2352 sus
204 2321 338 2362 scripta
360 2322 455 2353 uides
478 2321 541 2352 sed
563 2327 734 2362 expuncta
756 2319 761 2363 Ι
783 2320 884 2353 Ciuis
909 2332 999 2353 corr.
1026 2320 1152 2352 Bacch.
