1635 2522
668 117 705 149 11
730 118 838 150 1—59
1368 118 1394 159 3

205 216 340 271 Uirgo
362 215 482 257 ferox
503 228 625 269 sexu,
646 214 784 270 fugiet
805 215 1000 270 uiresque
1023 215 1191 257 fatiscet

136 281 181 314 30
200 271 262 314 Ut
285 271 396 313 solas
416 273 569 312 tractet-
588 270 746 312 reiecta
765 271 935 325 cuspide
956 271 1088 312 lanas.

201 327 359 370 Noster
379 326 514 369 Sirius
535 330 599 368 est
617 326 754 368 ardor.
798 326 1025 380 Neptunus
1046 326 1250 368 anhelans

201 384 382 425 Aestuet
401 383 513 424 iuter
533 397 663 437 aquas
683 383 769 424 telo
792 382 1034 424 flammante
1055 397 1130 437 per
1150 383 1307 437 undas,

200 439 220 481 I
284 453 306 480 e
327 453 421 481 meo
449 439 676 480 uincentur
695 452 848 492 aquae,
879 438 1142 480 fumantibus
1164 438 1288 480 undis

260 495 398 537 itones
419 494 617 546 Galatea,
638 494 795 535 Thetin
815 494 1035 548 delphines
1056 495 1280 536 amabunt:

135 559 178 591 35
200 550 414 605 Quidquid
435 550 586 591 fluctus
606 550 735 591 habet
757 553 896 591 totum
917 550 1124 591 succendo
1145 551 1370 604 pharetris.

200 605 320 659 Siue,
341 619 513 660 parens,
536 609 657 659 optas
677 605 871 647 homines
893 606 960 647 his
980 606 1151 661 ignibus
1173 610 1289 648 ustos

201 661 395 704 Inlicitos
416 660 576 702 uiolare
597 664 735 714 toros,
758 665 806 702 ut
825 675 913 702 non
933 662 1005 715 pia
1026 662 1160 715 patris

200 716 357 760 Oscula
375 720 476 758 nata
495 719 613 771 petat
632 731 710 758 nec
730 719 855 758 natus
876 717 1022 758 matris
1043 720 1207 758 amator
1406 733 1450 764 [ρ.
1470 731 1503 759 :·;

197 773 333 816 Dulce
353 772 474 814 nefas
495 772 638 826 cupiat
657 772 790 814 frater
809 773 1016 827 uitietque
1038 787 1227 814 sororem

132 838 177 870 40
197 829 488 884 Priuiguoque
510 843 586 869 suo
607 829 794 883 potiatur
813 829 969 870 blanda
989 843 1193 870 nouerca:

199 885 320 927 Alter
340 884 421 926 erit
440 883 639 926 Perdicca
659 884 806 926 furens
826 888 952 938 atque
975 885 1108 926 altera
1128 884 1324 939 Myrrha,

197 941 390 996 Iuppiter
410 940 517 982 alter
537 940 617 981 erit
635 941 758 981 terris
780 940 829 981 de
851 941 980 982 fratre
1003 941 1194 982 maritus.

197 997 337 1038 Parua
355 995 519 1051 loquor.
560 1000 703 1050 tauro,
725 997 760 1037 si
782 997 973 1049 iusseris,
996 996 1129 1038 altera
1150 997 1262 1052 regis

196 1052 459 1094 Flammetur
478 1053 633 1094 coniux
654 1052 852 1094 reddetur
871 1056 914 1093 et
934 1052 1068 1094 altera
1087 1052 1311 1094 Phaedra.)

130 1116 173 1148 45
193 1110 254 1150 At
273 1108 340 1150 his
360 1108 473 1150 laeta
493 1107 640 1150 Uenus
661 1108 782 1149 uultu
804 1111 967 1149 mutata
984 1111 1194 1149 renarrat:

198 1164 422 1219 ‘Impubes
442 1164 598 1211 lasciue
619 1178 724 1219 puer
744 1164 812 1205 cui
833 1164 1021 1205 subiacet
1043 1178 1168 1205 omne

197 1219 320 1269 Quod
340 1223 493 1261 natura
513 1224 646 1270 creat,
669 1220 832 1261 caelum
853 1235 967 1262 mare
989 1219 1126 1261 sidera
1146 1219 1296 1273 tellus,

194 1275 333 1319 Nemo
354 1279 476 1318 notet
492 1275 703 1318 Uenerem
721 1276 835 1330 quod
850 1276 1028 1331 supplex
1044 1279 1179 1317 mater
1195 1290 1387 1317 amorum

194 1331 314 1388 Ignis
335 1347 459 1386 opem
481 1332 532 1374 de
552 1332 671 1387 prole
693 1335 829 1387 rogat.
877 1347 976 1373 nam
996 1346 1171 1373 munere
1193 1333 1239 1372 in
1258 1332 1342 1373 isto

129 1397 173 1428 50
194 1387 398 1437 Quamuis
413 1388 469 1429 sit
484 1389 721 1430 communis
735 1388 875 1429 honor
890 1391 1047 1441 tamen,
1065 1387 1185 1437 alme,
1203 1387 1389 1429 fatemur

200 1443 308 1485 Hinc
328 1458 486 1485 numen
508 1444 603 1498 plus
624 1458 747 1498 posse
767 1447 901 1485 tuum.
944 1444 1131 1485 lamenta
1151 1444 1340 1497 parentis

195 1499 241 1542 Si
260 1499 401 1554 placet
420 1500 588 1553 ulcisci,
610 1500 755 1554 paucis
777 1500 968 1552 aduerte,
991 1499 1173 1541 docebo:

193 1555 503 1610 Nympharum,
519 1571 625 1610 puer
639 1556 759 1609 alme,
779 1556 933 1597 chorus
945 1555 1042 1596 dum
1058 1569 1190 1609 pensa
1202 1555 1389 1596 reuoluit

195 1611 327 1653 Penei
349 1613 426 1653 sub
447 1612 567 1653 fonte
588 1612 654 1653 sui
679 1637 722 1642 ——
749 1612 880 1666 pudet
901 1626 972 1653 ore
993 1612 1150 1652 referre
1171 1636 1226 1642 -—

129 1677 172 1707 55
195 1667 305 1710 Solis
326 1670 468 1709 amata
487 1668 602 1709 canit
622 1667 822 1721 Clymene
843 1682 937 1709 mea
958 1667 1136 1708 crimina
1155 1665 1196 1708 N
1198 1666 1368 1721 ymphis

193 1723 346 1778 Meque
364 1738 440 1765 suo
457 1737 656 1778 prensam
671 1723 894 1778 Nymphas
914 1727 1062 1765 monet
1082 1722 1219 1764 indice
1237 1721 1348 1775 Sole,

195 1778 462 1834 Uulcanique
482 1783 640 1821 sonant-
662 1780 832 1834 captiuo
854 1779 991 1821 Marte
1013 1782 1197 1820 catenas.

195 1833 299 1884 Quis
319 1836 463 1877 audire
484 1836 588 1877 libet
608 1835 658 1877 de
678 1839 825 1877 nostra
845 1835 962 1877 clade
984 1838 1220 1876 canentem.

195 1889 276 1933 Sed
296 1891 331 1932 si
353 1890 404 1933 de
423 1891 549 1933 nobis
573 1894 684 1933 certe
706 1894 876 1933 cantare
898 1891 1114 1945 placebat,

198 1983 242 2014 29
269 1982 408 2014 fatetur
425 1984 515 2025 quod
535 1984 635 2024 posui
652 1986 826 2025 temptauit
842 1983 969 2015 Buech.
1044 1983 1087 2014 30
1104 1981 1203 2013 solus
1224 1993 1227 2021 f
1247 1984 1389 2013 retecta

43 2031 45 2034 '
108 2028 150 2060 31
177 2027 294 2059 sireus
315 2026 320 2067 Ι
342 2031 471 2059 auctor
501 2038 592 2059 corr.
618 2027 742 2060 Bneclz.
766 2027 771 2069 l
792 2028 1008 2069 Neptunuus
1108 2028 1150 2059 36
1184 2025 1223 2057 Si
1257 2035 1390 2067 parens

30 2069 44 2106 ἕ
107 2072 248 2116 optaris
283 2074 499 2113 corruptelae
534 2073 661 2114 signum
695 2073 809 2105 uer-sui
845 2073 1087 2114 praepositum.
1141 2082 1230 2103 corr.
1263 2070 1390 2102 Buech.

106 2116 151 2149 38
172 2121 329 2158 praestat
346 2116 401 2148 uel
472 2118 513 2148 41
540 2116 688 2159 perdica
709 2116 714 2158 1
736 2127 856 2157 myrra
926 2119 968 2149 43
988 2121 1110 2148 tauros
1178 2117 1222 2148 44
1247 2115 1392 2146 Phedra

41 2165 46 2167 ’
105 2161 151 2193 45
174 2161 332 2201 conferas
356 2160 407 2193 IX
432 2162 475 2195 89
577 2163 621 2194 46
644 2161 839 2204 Impudens
867 2173 957 2195 corr.
982 2161 1110 2193 Buech.
1208 2162 1252 2192 48
1284 2163 1391 2192 notat

46 2239 50 2241 μ
105 2215 196 2239 corr.
218 2205 345 2238 Buech-
427 2207 470 2238 49
496 2216 601 2249 opem
623 2217 714 2239 corr.
743 2218 789 2239 ex
813 2216 902 2249 opes
987 2207 1030 2238 50
1054 2206 1107 2237 hic
1132 2215 1250 2237 uersus
1275 2206 1409 2236 eodem·

30 2273 46 2280 ..
106 2260 171 2293 quo
195 2260 313 2283 uersus
338 2252 380 2283 10
403 2252 500 2284 modo
524 2253 668 2293 margini
689 2253 882 2292 adecriptus
908 2253 1116 2293 numerisque
1140 2255 1315 2291 exemptus
1340 2254 1391 2280 est

30 2295 37 2315 ’-
106 2295 151 2328 54
174 2296 312 2328 Poenei
404 2297 447 2328 55
473 2295 634 2328 Climene
727 2298 769 2329 58
796 2298 894 2337 Quas
919 2307 1010 2329 corr,
1037 2295 1164 2327 Bueclz.

1075 2354 1118 2383 13
