1635 2522
142 1520 181 1554 [Ρ.
199 1520 241 1553 281

257 129 311 171 26
696 132 1078 165 EPITHALAMIUM

283 239 327 269 30
347 230 608 284 Dispensent
627 231 728 272 hinc
749 231 846 271 inde
866 231 999 272 melos
1020 231 1225 284 perflante
1245 231 1413 274 flabello

341 285 398 326 Et
419 286 612 339 quatiant
634 286 775 328 dulces
797 286 945 328 Museo
967 287 1134 340 pectine
1156 287 1346 341 chordas,

337 341 400 382 Et
419 346 534 382 uocis
555 345 723 382 textura
743 345 866 383 sonet
885 343 1092 396 neruique
1114 343 1322 396 loquaces.

344 396 570 450 Bybliades
588 396 748 451 Satyris
764 398 946 452 iungant
957 397 1254 452 Nymphisque
1265 398 1535 452 Hymen-aeos

341 452 399 493 Et
418 452 608 505 Dryades
629 453 785 506 passim
808 456 960 495 coeant
978 468 1054 506 per
1074 457 1195 506 prata
1215 453 1255 494 N
1259 454 1414 507 apaeis,

277 517 319 547 35
343 507 526 548 Oreadas
547 507 705 549 Faunis
726 509 907 564 iungant
928 511 970 549 et
989 508 1149 549 Naidas
1170 523 1314 550 amnes

343 563 400 603 Et
421 563 599 604 Bacchis
621 564 814 617 coplet-ur
834 565 970 605 Amor
990 579 1065 618 per
1087 567 1223 605 cast-ra
1242 564 1422 618 Dionae,

343 617 478 660 Saltet
499 622 540 660 et
561 619 797 673 imparibus
819 620 991 660 calamis
1013 620 1104 661 Pan
1126 620 1323 675 corniger
1342 620 1520 675 intrans,

341 673 497 715 Ebrius
518 675 680 716 interea
699 678 822 716 nutet
843 674 1010 716 Silenus
1032 676 1176 728 asello,

346 729 501 771 Oscula
520 733 748 772 nectantur
768 731 938 772 calamis
960 732 1123 772 imbuta
1143 732 1296 773 rosatis

276 794 320 825 40
340 784 397 826 Et
416 800 548 827 neruo
572 789 769 827 cantante
791 790 914 828 sonet
934 802 1048 828 noua
1067 802 1284 828 murmura
1305 787 1465 842 lingua,

341 840 554 882 Mors-ibus
577 842 750 883 alternis
772 857 976 896 suspenso
1000 843 1124 884 dente
1145 843 1355 896 fruantur,

343 896 491 938 Gratia
513 901 739 939 uei-nantes
762 898 958 940 adnectat
977 899 1156 952 pulchra
1177 898 1357 952 dolores,

343 952 467 993 Casta
488 952 699 994 Pudicitia
719 954 865 995 stricto
886 954 1097 1008 placitura
1116 955 1268 996 marito

342 1007 539 1049 Floribus
561 1023 611 1049 ex
632 1010 761 1050 uariis
782 1012 899 1051 texat
919 1024 994 1064 per
1013 1013 1135 1064 prata
1156 1024 1334 1051 coronas

275 1072 320 1103 45
340 1063 450 1104 Lilia
471 1064 604 1105 mixta
623 1065 731 1105 rosis
753 1066 918 1107 socians
939 1066 1158 1120 uiolasque
1179 1065 1434 1120 hyacinthis,

341 1119 554 1173 Purpuret
575 1123 617 1161 et
637 1121 772 1162 niteat
792 1135 983 1175 gemmae
1005 1122 1192 1175 pallente
1213 1122 1367 1162 rubore

343 1174 606 1230 Sardoasque
628 1177 746 1231 iuget
766 1177 899 1230 poclis
922 1177 1194 1219 Sitifensibus
1215 1177 1369 1219 herbis.

343 1230 412 1272 Sic
431 1246 538 1285 puer
557 1231 715 1273 Idalius
737 1234 961 1287 permiscet
983 1234 1108 1274 mella
1129 1234 1318 1285 uenenis,

342 1286 411 1328 Sic
432 1301 527 1328 rosa
548 1289 749 1329 miscetur
769 1289 915 1342 spinis,
938 1289 1145 1330 medicina
1163 1290 1334 1330 cerastis

276 1351 320 1382 50
342 1341 567 1384 Perficitur
587 1344 854 1398 stimulisque
876 1345 997 1386 fauos
1019 1346 1111 1399 apis
1134 1345 1245 1385 alma
1264 1347 1429 1385 tuetur:

342 1397 411 1439 Sic
431 1399 503 1452 pia
525 1399 749 1453 uirginitas
771 1415 859 1441 non
881 1401 1047 1442 tollitur
1069 1404 1167 1441 ante
1198 1400 1373 1455 pudoris

343 1453 572 1509 Unguibus
592 1455 772 1497 infensis
795 1470 920 1510 quam
943 1457 1140 1497 uulnerat
1161 1471 1235 1498 ora
1255 1456 1411 1510 mariti,

342 1509 399 1550 Et
417 1511 536 1564 prior
556 1514 654 1552 ante
676 1512 740 1552 sui
762 1512 918 1554 uindex
940 1516 1003 1554 est
1022 1513 1114 1566 ipsa
1135 1512 1308 1566 cruoris,

343 1564 403 1607 Ut
425 1566 559 1608 discat
579 1581 717 1608 sacras
739 1568 921 1610 fecundo
946 1569 1121 1610 uulnere
1143 1569 1347 1609 flammas.
1379 1585 1381 1587 ·

276 1630 318 1661 55
346 1621 414 1663 Sic
436 1624 545 1663 fiunt
566 1623 706 1665 dulces
728 1624 853 1666 modo
876 1626 1060 1680 pignora
1080 1624 1236 1666 blanda
1255 1626 1466 1678 parentes,

340 1677 399 1718 Et
421 1692 556 1733 genus
578 1679 813 1721 humanum
830 1681 889 1721 sic
911 1684 996 1722 stat
1017 1681 1095 1722 sub
1116 1681 1210 1735 lege
1230 1680 1422 1735 perenni.

341 1733 424 1775 Tot
445 1735 559 1776 bona
574 1736 832 1789 proueniant
849 1737 1016 1791 sponsis
1027 1740 1132 1790 quot
1149 1738 1295 1777 dextra
1310 1738 1539 1790 parentum

347 1905 389 1935 30
414 1914 496 1935 cane
528 1905 658 1936 scribas·
683 1904 828 1938 labello.
866 1908 941 1938 uide
973 1908 1112 1938 indicem
1207 1907 1244 1937 31
1275 1905 1405 1937 cordas
1497 1907 1539 1938 33

256 1947 447 1980 Bibliades
528 1950 570 1980 34
596 1949 767 1981 cohibent
850 1952 892 1982 35
924 1962 1047 1982 omnes
1073 1962 1163 1981 eorr.
1190 1950 1318 1982 Buech.
1412 1951 1454 1983 36
1480 1961 1539 1982 co-

256 1992 404 2033 puletur
442 1994 486 2032 ef.
520 1995 552 2025 A.
586 1995 648 2025 deo
694 1996 703 2025 1
740 1996 804 2026 407
838 2006 907 2027 cnm
945 1997 1087 2027 Arenali
1126 2001 1204 2027 nota
1297 1996 1340 2027 38
1382 1996 1539 2034 interea]

256 2039 364 2068 latere
396 2040 529 2069 uidetur
559 2041 623 2070 lot-i
651 2041 852 2079 awylnifieatio
885 2052 948 2081 quo
981 2044 1078 2080 nefas
1114 2045 1163 2072 est
1194 2041 1336 2081 prodire
1374 2040 1476 2071 ebriis
1506 2044 1541 2072 et

255 2083 380 2113 asellis.
424 2083 566 2114 interca
598 2091 648 2115 esc
678 2086 767 2115 inter
799 2095 855 2116 eos
889 2085 1045 2125 (Buce-le.)
1162 2086 1204 2117 40
1238 2081 1418 2125 candente
1451 2085 1543 2126 quod

255 2127 382 2167 scripsi
405 2127 531 2159 Bacch.
562 2133 741 2168 proposuit
834 2131 876 2162 45
902 2130 1056 2168 socians]
1086 2141 1107 2161 n
1137 2131 1238 2162 liter-a
1269 2133 1457 2162 atramento
1483 2129 1540 2162 ob-

257 2172 358 2202 ducta
389 2177 440 2203 est
467 2171 471 2212 Ι
500 2172 680 2213 lniacyntis
772 2176 813 2206 47
841 2175 943 2206 iubet
969 2175 1127 2216 posculis
1153 2175 1214 2206 sni
1245 2174 1410 2207 sensibus
1433 2185 1541 2216 snpra

258 2215 316 2247 cul
355 2220 387 2247 et
426 2217 505 2248 fens
535 2218 654 2249 literas
691 2223 722 2249 el
759 2225 836 2251 ante
873 2230 1001 2251 uersum
1032 2222 1247 2261 corruptelae
1278 2226 1377 2252 nome
1406 2220 1541 2261 positae

254 2265 333 2291 sunt
423 2263 467 2293 48
498 2262 595 2294 bella
621 2273 709 2298 corr,
737 2263 861 2296 Rueck.
955 2267 997 2296 40
1023 2266 1178 2297 cerastis
1203 2275 1293 2300 corr,
1320 2275 1366 2297 ea:
1391 2262 1541 2306 ceratijS

302 2307 342 2337 54
371 2305 500 2345 discat]
527 2308 636 2339 ducat
664 2307 787 2341 Bacch.
813 2311 992 2351 proposuit
