1635 2522
169 91 217 120 Ν
669 77 955 112 PRAEFATIO.

262 156 401 198 Notae
432 155 602 196 criticae
633 154 679 195 in
709 153 850 195 codice
880 156 1026 195 nostro
1057 167 1146 195 non
1175 153 1454 194 inveniuntur

177 212 260 253 nisi
304 212 387 253 tria
429 212 588 265 puncta
627 212 667 262 (.·
674 210 702 259 .)
744 209 896 263 quibus
935 209 1002 250 vel
1045 211 1160 250 totos
1197 223 1341 250 versus
1386 209 1453 249 vel

178 268 347 330 singula
377 267 506 307 verba
526 279 634 319 quae
662 264 742 305 sibi
772 267 972 318 corrupta
999 263 1244 305 viderentur
1263 265 1454 328 scriptor

176 323 362 376 notavit,
402 326 444 363 et
483 321 653 362 rubrica
690 320 764 360 illa
800 336 836 374 13⁴
873 320 990 361 cuius
1028 334 1176 361 causae
1215 321 1355 362 minus
1394 320 1454 361 fa-

176 379 255 420 cile
285 377 612 432 perspiciuntur.
666 375 844 416 Deletur
872 375 940 416 vel
969 375 1138 429 punctis
1168 377 1361 439 supernis
1391 376 1455 416 in-

175 434 361 475 semisve
383 433 449 473 vel
480 432 524 472 id
545 431 659 486 quod
678 445 767 472 non
787 431 870 472 nisi
890 426 954 472 bis
984 431 1132 472 terve
1121 432 1312 472 mvenies
1342 431 1456 472 linea

175 489 369 531 obducta.
400 487 694 550 Distinguitur
713 489 872 541 puncto
894 486 1051 541 duplici
1073 487 1163 528 sine
1183 487 1348 528 ratione
1369 486 1456 541 ple-

173 559 350 598 rumque
380 543 534 598 posito.

260 600 403 642 Codex
443 599 545 640 olim
584 598 667 639 fuit
704 598 797 639 Iani
827 598 1054 639 Parihasii.
1086 613 1186 639 nam
1222 599 1268 639 in
1306 597 1457 639 ultima

174 657 332 710 pagina
377 656 613 696 atramento
659 654 833 695 flaviore
879 655 1035 708 scripta
1082 654 1283 709 leguntur
1331 643 1470 695 haecz‘

173 711 403 753 Antonii
434 709 719 764 Seripandi
751 724 808 750 ex
838 710 954 751 Iani
984 710 1261 751 Parrhasii
1290 711 1456 751 testa-

174 762 366 808 mento.
425 766 530 807 Post
560 766 799 807 Antonium
830 780 943 807 anno
975 766 1081 808 1531
1113 769 1330 807 mortuum
1360 779 1456 806 cum

175 824 268 865 aliis
313 823 432 864 libris
478 821 771 863 Ρ31··11133131113
809 836 834 862 3
871 821 1002 863 fratre
1040 821 1304 875 Hieronymo
1347 819 1457 862 Seri-

177 878 317 933 pando
357 878 559 919 fratribus
590 877 918 932 Augustinianis
956 877 1009 919 ad
1040 877 1345 919 Carbonariam
1385 876 1456 917 do-

177 938 303 976 natus
347 934 472 975 huius
518 933 685 974 demum
731 933 887 975 saeculi
937 934 1061 975 initio
1116 947 1211 975 cum
1257 932 1456 974 omnibus

176 990 392 1032 Parrhasii
431 990 551 1030 libris
590 992 631 1030 et
668 989 834 1030 schedis
871 990 917 1030 in
956 989 1258 1031 bibliothecam
1295 988 1458 1043 regiam

178 1047 341 1087 delatus
387 1048 449 1087 est
461 1045 508 1099 3).
567 1045 651 1087 Eas
700 1048 841 1086 autem
886 1045 1059 1087 schedas
1109 1045 1181 1099 qui
1225 1045 1458 1098 inspexerit

178 1102 363 1143 lannelli
395 1102 642 1156 opinionem
672 1101 832 1142 videbit
853 1102 970 1143 omni
1000 1102 1164 1143 ratione
1196 1114 1350 1154 carere,
1385 1100 1457 1154 qui

179 1158 455 1200 contenderat
465 1159 497 1210 4)
521 1157 660 1211 ipsum
680 1156 954 1198 Parrhasium
983 1160 1178 1199 nostrum
1198 1157 1354 1198 librum
1385 1171 1454 1197 ex-

181 1214 377 1267 31311333,
400 1227 657 1268 quamquam
678 1213 760 1254 hoc
781 1213 951 1267 quidem
980 1213 1086 1254 mihi
1107 1227 1263 1268 negare
1293 1227 1383 1254 non
1413 1212 1459 1253 in

181 1270 322 1311 animo
362 1272 444 1323 est,
483 1269 698 1310 Parrhasii
727 1272 938 1333 tempore,
968 1270 1148 1311 fortasse
1178 1269 1310 1323 ipsius
1341 1269 1456 1309 iussu

180 1325 367 1367 codicem
416 1325 620 1379 scriptum
664 1339 774 1366 3333·
813 1326 1016 1366 nimirum
1063 1340 1152 1366 non
1189 1325 1349 1366 addidit
1386 1324 1458 1365 ille

180 1384 284 1436 quot
321 1381 503 1422 aureolis
542 1381 609 1421 vel
640 1380 872 1422 Mediolani
910 1382 978 1422 vel
1008 1381 1224 1423 Veicetiae
1263 1380 1330 1422 vel
1368 1380 1459 1421 ubi-

179 1452 344 1491 cunque
392 1440 599 1478 terrarum
642 1437 791 1478 emelit
829 1437 1004 1491 libr‚um
1043 1438 1085 1478 id
1122 1438 1235 1491 quod
1280 1437 1325 1477 in
1364 1436 1457 1477 aliis

179 1493 395 1535 Parrhasii
432 1493 551 1534 libris
590 1493 832 1556 saepissime
862 1493 1020 1548 legitur
1057 1494 1190 1547 ipsius
1222 1507 1351 1534 manu
1381 1506 1457 1533 no-

179 1552 335 1602 tatum,
375 1549 486 1590 unde
523 1549 708 1590 conicias
738 1549 1011 1591 Parrhasium
1042 1549 1110 1590 vel
1150 1549 1261 1590 dono
1301 1549 1458 1590 librum

180 1606 390 1668 accepisse
428 1605 496 1646 vel
532 1620 654 1646 suum
692 1606 737 1646 in
775 1620 898 1646 usum
936 1605 1303 1647 transcribendum
1342 1619 1458 1646 cura-

179 1662 301 1702 visse.
361 1662 424 1702 Ac
463 1661 641 1702 fortasse
686 1661 850 1702 iuvabit
888 1662 1130 1703 meminisse
1167 1661 1319 1702 intima
1359 1660 1458 1702 Par-

179 1717 369 1758 rhasium
419 1717 604 1758 amicitia
653 1717 929 1760 coniunctum
978 1718 1108 1759 fuisse
1153 1732 1248 1759 cum
1294 1717 1459 1758 Thoma

179 1773 373 1814 Phaedro
413 1772 719 1828 Ingl1i1·ami⁵)‚
759 1773 873 1815 hunc
919 1777 1059 1815 autem
1101 1773 1268 1815 saeculo
1308 1773 1458 1827 quinto

179 1829 342 1870 decimo
374 1832 553 1870 exeunte
576 1843 626 1870 ex
647 1830 905 1871 monasterio
937 1829 1140 1871 Bobiensi
1178 1829 1358 1871 Romam
1389 1828 1458 1870 ad-

178 1885 341 1926 vexisse
364 1885 508 1938 libros,
539 1885 651 1926 inter
673 1900 778 1939 quos
807 1885 1065 1928 Draconti
1096 1886 1296 1927 varium
1328 1899 1458 1939 opus

183 1941 313 1982 fuisse
360 1941 715 1983 verisimillimum
754 1943 873 1995 3316).
923 1942 1034 1983 Illud
1075 1946 1217 1984 autem
1256 1942 1458 1983 varium

265 2032 299 2073 3)
325 2032 368 2064 de
394 2033 497 2065 libris
523 2033 710 2065 Parrhasii
725 2034 858 2075 optime
875 2034 1048 2066 disseruit
1063 2033 1237 2066 Cataldus
1252 2032 1407 2065 Iannelli
1420 2033 1456 2065 in

175 2078 269 2110 libro
291 2087 394 2119 quem
420 2078 478 2109 ‘de
500 2078 576 2110 vita
592 2082 627 2109 et
650 2078 888 2119 scriptis-,Auli
913 2079 993 2110 Iani
1014 2079 1223 2110 Parrhasii’
1254 2078 1459 2120 composuit

177 2122 289 2162 (edito
327 2123 372 2154 ab
410 2123 567 2154 Antonio
582 2123 739 2155 Iannelli
754 2124 907 2164 Neapoli
926 2123 1227 2164 MDCCCXLIV)
1248 2135 1280 2165 p.
1299 2125 1361 2155 157
1382 2133 1461 2164 sqq.

269 2165 304 2208 4)
331 2168 535 2209 Cat-alogus
559 2168 647 2200 bibl.
675 2168 755 2202 Lat.
781 2172 851 2200 etc.
879 2179 911 2210 p.
941 2171 1014 2201 172.

267 2212 301 2253 5)
328 2212 484 2245 Iannelli
503 2212 547 2244 de
565 2213 642 2244 vita
663 2216 697 2244 et
717 2214 866 2255 scriptis
886 2213 968 2245 Auli
985 2213 1066 2244 Iani
1086 2213 1271 2244 Parrhasii
1296 2213 1392 2254 p.3·2.
1403 2213 1457 2245 33.

266 2257 301 2297 6)
329 2256 372 2289 cf.
401 2257 600 2299 Raphaelis
632 2257 865 2297 Volaterrani
891 2258 967 2290 urb.
995 2269 1120 2292 comm.
1148 2258 1208 2290 lib.
1235 2258 1284 2289 IV
1309 2267 1336 2289 3.
1363 2257 1386 2288 f.
1415 2256 1459 2289 ed

176 2301 345 2334 Francof.
364 2301 522 2335 MDCIII
549 2313 582 2344 p.
604 2305 666 2335 140
693 2301 812 2345 (quem
837 2303 952 2335 locum
978 2303 1049 2334 iam
1075 2303 1255 2335 indicavit
1281 2301 1458 2334 Arevalus
