1635 2522
268 56 324 99 64
826 57 997 90 MEDEA

272 166 337 197 120
355 156 517 198 ‘Natus
538 156 676 197 adest'
698 155 878 209 inquit
892 156 1070 197 multis
1058 171 1142 197 iam
1163 157 1378 212 spargitur
1398 171 1470 199 aer

355 212 573 264 Floribus,
597 211 807 252 ambrosio
830 214 968 252 totum
990 212 1171 265 respirat
1191 192 1332 254 odore.
1345 219 1357 236 '

157 280 197 312 [p.
218 280 263 312 81]
358 268 471 310 Dum
494 267 684 320 loquitur
704 266 862 308 lasciua
883 265 1049 319 Uenus,
1071 268 1191 308 uenit
1212 282 1305 309 ecee
1327 267 1491 323 Cupido

358 324 392 365 F
395 323 558 364 essulus
579 325 622 363 et
641 323 803 377 gremio
824 323 971 363 matris
992 323 1173 363 libratur
1194 323 1399 365 anhelans

361 378 453 427 Quo
475 392 666 419 sessurus
687 381 791 419 erat.
831 392 955 432 quem
977 379 1172 431 protinus
1192 379 1266 420 illa
1286 380 1504 420 uolantem

277 444 342 475 125
362 434 552 487 Occupat
573 436 615 474 et
635 434 771 475 crines
795 435 1013 487 componit
1033 438 1168 475 mater
1190 435 1338 476 Amori

359 491 424 530 Ac
444 503 622 543 puerum
645 490 865 543 complexa
883 490 1004 530 fouet
1025 489 1128 530 dans
1150 490 1293 531 oscula
1312 493 1427 532 nato.

362 544 431 587 Sic
451 545 644 586 blandita
663 545 797 586 iubet:
832 544 1004 598 ‘Pyrois
1025 560 1144 586 mens
1166 546 1294 600 ignea
1313 545 1462 587 mundi

361 602 504 655 Atque
530 615 664 655 uapor
685 600 863 642 fecunde
883 601 991 654 poli,
1014 602 1221 642 successio
1242 616 1403 655 rerum,

361 657 553 698 Affectus
573 661 728 697 natura
747 670 882 711 genus
902 656 1000 697 fons
1023 660 1170 698 auctor
1191 658 1331 711 origo,

280 721 344 752 130
361 712 426 753 Tu
447 713 560 753 uitae
581 712 763 753 fecunda
784 713 896 753 salus
917 715 964 753 tu
987 712 1142 754 blanda
1162 713 1360 767 uoluptas

364 768 428 809 Tu
449 769 647 822 princeps
667 769 859 822 pietatis,
882 770 1037 821 Amor,
1067 771 1108 809 ‘te
1132 769 1339 822 praeduce
1360 767 1518 809 mundo

1619 617 1627 705 ἐ

363 824 595 865 Alternant
615 824 824 864 elementa
845 824 958 864 uices
980 826 1022 864 et
1041 838 1130 865 non
1151 824 1263 878 perit
1284 824 1411 877 orbis,
1622 795 1631 886 Ξ

364 879 471 922 Cum
492 882 670 933 pereant
691 893 979 933 quaecumque
1001 883 1128 933 creat,
1160 880 1393 989 necpffgiiidt
1420 878 1558 920 adem·
1620 890 1633 970 ’ᾖ

366 990 571 1033 Successu
593 990 795 1032 redeunte
816 1005 943 1032 nouo.
986 991 1105 1032 uenit
1127 1005 1222 1032 ecce
1244 1004 1428 1032 nouerca

284 1047 414 1088 135111
436 1047 665 1088 manibus
655 1061 738 1087 iam
758 1046 866 1087 Iuno
888 1046 993 1087 meis
1015 1047 1276 1100 supplexque
1298 1047 1485 1088 locatum

369 1102 485 1151 Quae
506 1103 678 1143 fuerant
699 1102 886 1156 optanda
905 1102 1004 1143 tibi:
1036 1101 1186 1143 Medea
1207 1102 1402 1144 sacerdos

369 1152 584 1214 Sacrilega
604 1173 710 1213 quae
733 1173 836 1199 uoce
858 1158 966 1199 solet
986 1159 1239 1211 compellere
1261 1158 1436 1211 caelum,

366 1194 555 1256 Inuitos³3
555 1215 690 1255 accire
713 1214 812 1255 deos
821 1247 832 1268 ,
855 1229 904 1254 111
907 1227 1036 1268 guere
1057 1213 1308 1266 Tonantem,

367 1269 480 1311 Dum
503 1270 699 1324 precibus
721 1270 931 1311 elementa
953 1270 1091 1323 quatit
1112 1284 1226 1310 mare
1253 1247 1390 1310 sidera
1410 1271 1544 1310 terras

287 1335 352 1366 140
367 1325 577 1367 Naturam
597 1326 768 1367 turbare
790 1326 936 1378 simul,
966 1329 1040 1366 tua
1061 1325 1146 1366 tela
1167 1325 1363 1366 medullis

368 1382 567 1436 Excipiat
591 1407 627 1411 —
651 1381 731 1422 hoc
741 1381 849 1423 luno
868 1381 976 1435 petit
1050 1381 1330 1435 iuuenemque
1341 1380 1565 1435 Pelasgum
1624 1424 1627 1425 γ

368 1437 535 1493 Diligat
557 1441 675 1492 optet
696 1441 809 1478 amet
830 1438 973 1491 cupiat
994 1437 1178 1490 suspiret
1198 1437 1381 1478 anhelet.

372 1493 589 1535 Sollicitus
610 1497 754 1535 tamen
775 1494 858 1534 ista
877 1508 980 1547 para
1010 1496 1240 1546 cautusque
1262 1495 1496 1534 memento:

371 1549 565 1591 Medeam
586 1550 745 1590 fixurus
768 1550 861 1591 eris.
877 1555 888 1571 ²
931 1550 989 1590 sic
1011 1549 1100 1590 fata
1121 1548 1274 1590 Dione.

289 1613 352 1645 145
368 1605 481 1646 Risit
501 1607 635 1647 Amor
665 1605 896 1659 matrisque
918 1605 1013 1646 sinu
1035 1619 1078 1645 50
1099 1605 1311 1645 subtrahit
1333 1604 1432 1656 ales,

373 1660 546 1716 Spicula
568 1676 694 1702 saeua
714 1661 819 1715 legit
841 1661 993 1714 quibus
1016 1661 1118 1701 olim
1142 1660 1263 1701 Luna
1284 1675 1360 1714 per
1380 1659 1550 1701 umbras

374 1717 592 1758 Pastorem
615 1717 830 1758 flammata
853 1720 980 1769 tenet,
1002 1730 1080 1757 nec
1101 1717 1281 1757 sustinet
1304 1717 1425 1771 ignes

375 1773 497 1814 Luna
521 1773 779 1836 Cupidineos
802 1771 913 1813 Solis
936 1787 1042 1826 quae
1064 1772 1246 1813 sustinet
1268 1772 1414 1813 orbem

375 1829 434 1870 Et
454 1829 576 1870 fian
565 1844 600 1870 1s
621 1829 749 1870 radiis
771 1832 1001 1882 conceptus
1024 1828 1128 1869 lucis
1151 1828 1336 1882 adoptat.

294 1893 359 1924 150
375 1885 470 1926 Hoc
492 1886 552 1926 ait
573 1885 840 1939 ignipotens:
865 1884 966 1926 ‘telo
989 1884 1137 1925 'Medea
1160 1888 1369 1925 ciemetur

377 1941 469 1989 Quo
485 1941 724 1994 Scythicam
743 1940 961 1981 succendit
978 1955 1096 1981 amor
1112 1940 1391 2002 dominaeque
1406 1938 1574 1980 sauillas

181 2006 221 2038 [p.
252 2005 297 2036 82]
385 1997 608 2038 Excutiam
631 2011 707 2051 per
727 1996 886 2050 templa
907 1996 1076 2049 uolans,
1099 1999 1141 2037 et
1161 2010 1282 2051 ulrgo
1305 1998 1480 2036 cruenta

385 2145 447 2176 127
474 2144 592 2176 Piiois
611 2146 849 2184 corruptelae.
848 2147 939 2185 J'qno
961 2148 1106 2174 notatam
1132 2148 1164 2175 el
1189 2144 1303 2175 uer-sui
1320 2142 1351 2175 ΙζΧ
1370 2148 1449 2175 nota
1470 2153 1576 2184 prae-

288 2191 364 2230 fita
391 2194 439 2221 est
540 2191 598 2221 13⁵3
622 2182 670 2221 'du
687 2199 746 2220 005
771 2199 871 2220 nuces
898 2200 918 2229 γ
1015 2191 1076 2220 133
1100 2191 1269 2229 supplem!
1297 2188 1420 2220 Bacch.
1515 2188 1578 2220 135

294 2237 448 2265 uocatur
474 2244 565 2265 eor-,r
596 2228 720 2265 Baer'eelz.
818 2236 873 2265 151
905 2235 1002 2273 Quos
