1635 2522
174 1800 216 1830 [Ρ.
234 1798 281 1830 84]

300 65 355 106 66
854 66 1022 98 MEDEA

385 165 550 206 Furtim
571 165 730 219 templa
750 165 875 218 petit,
897 167 1133 206 sonuerunt
1151 165 1237 206 tela
1256 165 1490 219 pharetris,

384 221 562 262 Exultat
582 221 730 275 gauisa
750 220 877 261 nimis
898 220 1049 261 Medea
1070 220 1282 262 sacerdos:

303 284 366 315 185
386 276 587 318 Telorum
609 276 831 330 strepitum
852 278 991 317 castae
1011 278 1135 329 putat
1155 290 1271 317 arma
1290 275 1455 317 Dianae

384 332 648 385 Increpuisse
668 331 810 385 tholo,
835 331 968 372 credit
987 345 1063 372 sua
1083 333 1185 373 uota
1205 331 1397 373 sacerdos

385 389 499 428 Ante
521 401 665 440 preces
686 387 852 428 audisse
873 387 1005 428 deam.
1049 400 1147 428 mox
1168 401 1326 428 numen
1346 387 1526 428 adorans

387 448 398 466 ²
412 442 548 484 Omen
569 442 687 483 adest
700 448 710 464 ’
732 443 874 496 inquit
895 442 1107 483 eTriuiam
1127 445 1168 484 te
1178 476 1189 496 ,
1215 442 1338 483 Luna
1357 442 1519 497 Diana,

386 498 603 540 Confiteor
622 500 834 551 perstans,
856 498 978 539 heres
999 497 1256 551 Proserpina
1277 498 1443 551 mundi,

303 561 366 592 190
384 554 496 595 Nam
517 553 600 594 tria
619 567 753 608 regna
771 556 912 594 tenes:
941 557 989 595 tu
1010 553 1125 595 caelo
1149 553 1335 607 Cynthia
1354 567 1528 608 regnas,

390 609 595 651 Uenatrix
614 611 784 650 terrena
804 609 953 663 micas,
981 610 1095 663 capis
1116 610 1224 650 atria
1244 609 1379 662 Ditis,

384 665 595 719 Tempora
616 664 892 718 distribuens,
914 666 1056 720 regnis
1079 671 1120 706 et
1141 666 1331 706 cursibus
1352 667 1470 719 apta:

384 721 475 763 Iam
495 723 636 776 grates
657 720 801 761 audita
819 721 985 774 loquor.
1026 721 1135 762 iacet
1156 721 1296 762 hostia
1315 721 1486 775 templis

384 777 467 818 Per
488 777 639 817 fluctus
661 776 838 817 aduecta
856 777 954 817 tuis.
968 780 980 797 ³
1023 777 1082 818 sic
1102 776 1191 818 fata
1210 791 1286 830 per
1306 791 1398 817 aras

303 840 366 871 195
383 832 519 887 Uirgo
542 834 717 873 cruenta
737 832 895 872 molam
916 832 1087 886 perfert.
1130 835 1173 873 at
1195 832 1372 886 mystica
1391 832 1537 873 nutrix

375 888 504 929 Fessa
519 887 618 928 licet
633 887 912 928 tremebunda
926 891 1080 942 gemat,
1101 891 1244 929 tamen
1263 888 1354 942 ipsa
1370 888 1577 929 iacentem

385 943 575 985 Tendere
597 943 706 984 colla
726 943 843 984 iubet
863 943 931 984 uel
952 947 1123 997 pectora
1144 959 1281 998 prona
1302 944 1486 998 supinet.

383 1000 500 1054 Ergo
522 999 771 1053 peregrinus
793 1013 888 1040 cum
911 1000 995 1040 iam
1016 1003 1210 1041 uersatur
1230 1000 1377 1053 Iason,

384 1055 512 1097 Forte
535 1055 679 1096 oculos
703 1069 780 1108 per
799 1057 911 1096 tecta
939 1055 1075 1109 leuat,
1107 1055 1223 1096 uidet
1244 1069 1338 1096 ecce
1359 1055 1577 1097 uolantem

301 1120 367 1151 200
384 1113 527 1165 Atque
549 1111 803 1152 salutantem
831 1125 1024 1164 puerum.
1066 1110 1138 1152 sed
1158 1114 1290 1152 nauta
1308 1114 1506 1165 precatur

385 1167 602 1208 Murmure
624 1166 806 1207 sollicito
828 1181 987 1208 numen
1008 1167 1122 1221 quod
1142 1167 1324 1208 mundus
1345 1167 1514 1208 adorat:

386 1222 452 1264 <Si
474 1223 636 1263 caelum
658 1222 693 1262 si
713 1224 826 1263 terra
845 1223 908 1263 tui
929 1225 1047 1276 sunt,
1070 1223 1198 1275 alme,
1220 1223 1428 1276 triumphi

385 1278 467 1320 Ue]
489 1278 694 1332 quidquid
714 1280 867 1319 natura
889 1281 1023 1332 creat,
1045 1279 1080 1319 si
1102 1279 1322 1333 sanguinis
1345 1293 1492 1332 expers

384 1334 536 1375 Mortis
558 1336 600 1374 et
620 1333 849 1387 infaustae,
880 1334 953 1375 sed
979 1337 1078 1375 sunt
1103 1337 1271 1375 tantum
1291 1334 1433 1375 hostia
1452 1334 1577 1376 flores

299 1399 365 1429 205
382 1389 532 1430 Matris
555 1392 597 1430 et
616 1389 798 1430 insertae
819 1390 1007 1444 pendent
1027 1404 1102 1444 per
1122 1390 1281 1444 templa
1302 1404 1484 1431 coronae

385 1446 601 1500 Sanguine
621 1445 806 1500 uirginei
826 1448 994 1486 tantum
1016 1449 1218 1487 contenta
1236 1445 1430 1500 pudoris:

384 1502 514 1556 Eripe
536 1516 602 1542 me
624 1502 690 1542 his
711 1501 869 1542 inuicte
891 1502 1024 1543 malis.
1067 1516 1145 1557 ego
1167 1502 1341 1543 uictima
1361 1516 1508 1543 seruor

384 1559 528 1611 Atque
551 1558 714 1598 utinam
736 1571 897 1611 seruer,
919 1558 1037 1599 iaceo
1059 1557 1273 1599 feriendus
1294 1559 1339 1598 in
1360 1558 1472 1599 aris.'

383 1613 534 1654 Audiit
549 1613 814 1667 ignipotens,
838 1614 1060 1655 hominum
1077 1629 1175 1655 nam
1199 1628 1415 1655 murmura
1432 1614 1574 1668 sentit,

300 1677 366 1708 210
383 1669 439 1710 Et
460 1669 600 1709 ridens
622 1669 795 1723 gauisus
816 1669 895 1710 ait:
928 1674 939 1690 ‘
952 1670 1090 1723 pirata
1111 1669 1279 1721 decore,

381 1725 490 1773 Quid
510 1726 663 1765 metuis
685 1739 809 1779 quem
831 1725 919 1765 fata
939 1729 1132 1777 manent,
1164 1726 1231 1766 cui
1252 1703 1342 1767 u'ita
1363 1728 1574 1779 superstes

386 1781 535 1822 Restat
555 1780 703 1834 adhuc,
726 1795 850 1834 quem
869 1795 1001 1835 iegna
1020 1785 1183 1835 petunt,
1206 1782 1273 1822 cui
1294 1782 1417 1835 pellis
1438 1784 1578 1823 amata

338 1831 585 1878 'Imminet
606 1840 648 1878 et
668 1837 852 1878 coniunx
875 1837 1043 1878 dabitm
1064 1837 1211 1878 Medea
1233 1837 1457 1878 sacerdos?

386 1892 468 1935 Sed
489 1907 652 1934 memor
673 1895 761 1934 esto
784 1893 866 1933 mei
888 1907 941 1934 ne
962 1896 1003 1934 te
1024 1894 1198 1934 fortuna
1220 1894 1447 1947 superbum

391 2019 453 2051 183
476 2019 559 2058 fort.
587 2021 687 2049 tecta
714 2015 869 2059 (Rueck.)
965 2019 1028 2049 188
1054 2019 1172 2060 niquit
1266 2019 1328 2051 189
1353 2017 1507 2050 Confidit
1534 2028 1576 2050 eo

298 2065 351 2096 cui
381 2066 517 2095 uoculae
542 2065 758 2103 corruptelae
790 2067 867 2093 nola
898 2064 1017 2094 addila
1049 2068 1098 2094 est
1120 2064 1124 2100 1
1147 2063 1267 2094 mondi
1359 2065 1423 2094 204
1455 2066 1575 2095 tamen

298 2119 388 2142 corr.
414 2108 542 2141 Buevh.
636 2108 700 2139 ‘206
732 2107 776 2147 ef.
807 2107 921 2139 Calor.
949 2107 1048 2139 Mna«.
1078 2108 1119 2139 II
1145 2110 1163 2137 (ι’
1190 2110 1231 2139 15
1330 2109 1393 2139 207
1427 2117 1479 2139 me
1510 2118 1575 2139 non

298 2158 395 2185 ecclat
420 2164 440 2195 γ
463 2154 466 2192 Ι
488 2162 572 2193 ergo
598 2163 618 2193 γ
689 2152 754 2184 208
781 2161 904 2183 serum·
988 2154 1050 2183 ‘211
1081 2163 1157 2184 cum
1184 2163 1271 2185 corr.
1300 2152 1424 2186 Bneclz.
1510 2153 1575 2184 212

298 2201 420 2229 amata
452 2208 539 2229 corr.
573 2208 617 2229 ecc
653 2200 781 2228 aurata
819 2199 930 2229 net-sni
965 2200 1180 2239 corruptelae
1218 2202 1295 2229 nota
1330 2199 1490 2238 praefixa
1525 2203 1576 2229 est

299 2245 364 2275 5213
391 2242 546 2274 coniu'nx
