1635 2522
269 54 326 96 44
811 54 1008 87 HELENA

354 154 412 195 Et
431 154 609 208 puppim
629 154 835 207 percussit
855 153 995 207 aquis,
1019 153 1184 194 sublata
1206 153 1348 194 carina

355 209 538 251 Tollitur
559 213 601 251 et
622 210 762 263 Cypro
784 209 926 250 classis
949 208 1123 262 depulsa
1143 208 1308 250 resedit.

355 265 459 307 Post
479 266 648 320 signum
668 279 823 306 uenere
844 267 954 305 rates
975 264 1183 305 residente
1204 264 1392 318 procella

148 333 188 364 [p.
207 333 252 364 55]
354 321 412 362 Et
434 321 619 375 Cyprum
640 323 814 361 tenuere
839 320 977 361 simul.
1020 320 1177 374 legatio
1198 320 1289 361 sola

271 385 338 416 430
355 337 524 428 Defuitp,
547 391 632 417 una
652 376 772 417 fretis
795 378 836 416 et
856 376 1052 417 fluctibus
1074 378 1167 416 aeta
1186 378 1368 430 negatur

355 432 548 486 Puppis'
537 447 582 473 m
602 432 772 473 Ionium
793 431 949 472 rabidis
971 431 1132 472 conlisa
1151 431 1368 485 procellis,

356 490 527 542 Aegaeo
549 502 647 528 nam
668 487 791 541 pulsa
813 490 938 528 calmet
979 501 1077 528 mox
1097 490 1243 541 pastor
1263 487 1402 527 arenis

355 543 444 584 Dar
447 543 580 584 danus
601 543 772 584 exsiluit
791 543 983 584 tremulis
1003 546 1101 596 post
1122 557 1306 596 aequora
1325 542 1482 596 plantis

355 600 413 641 Et
434 614 477 640 se
499 613 594 640 cum
615 599 740 640 sociis
760 601 873 639 tacta
892 599 1043 639 tellure
1064 598 1232 639 refouit.

272 664 338 694 435
358 656 497 710 Cypro
519 655 628 696 festa
648 655 735 696 (lies
756 655 912 695 natalis
933 655 1044 695 forte
1066 654 1231 696 Dionae

356 711 436 753 Illa
456 711 548 752 luce
569 711 663 751 fuit.
707 711 887 751 ueniunt
907 711 958 751 ad
979 725 1097 751 saera
1118 709 1325 763 Cytherae

356 767 546 808 Reddere
567 769 669 807 uota
690 766 790 806 deae
813 766 1017 819 quidquid
1038 766 1151 819 capit
1171 766 1310 806 insula
1332 765 1494 820 Cypros

357 822 478 872 Quod
499 836 649 863 nemus
670 821 850 862 Idalium
872 821 985 875 quod
1007 822 1197 863 continet
1217 821 1303 862 alta
1324 821 1509 875 Cythera

358 878 478 927 Quod
493 878 669 932 Paphon
686 880 863 919 exornat
881 878 1032 918 tacitas
1044 878 1155 931 quod
1172 878 1326 918 lustrat
1336 877 1550 931 Amyclas.

271 942 337 973 440
356 934 546 975 Candida
566 936 783 987 praeterea
802 933 918 973 Iouis
940 934 1052 974 alitis
1075 933 1239 974 Helena
1258 934 1398 987 proles

356 989 564 1039 Uenerat,
588 991 805 1030 absentem
825 989 981 1030 retinet
1002 990 1100 1030 (lum
1122 990 1247 1030 Creta
1266 989 1480 1030 maritum.

357 1046 522 1087 Nuntia
541 1045 655 1086 fama
677 1045 792 1086 ducis
813 1048 947 1086 totam
967 1046 1205 1099 repleuerat
1225 1046 1394 1099 urbem,

358 1101 595 1143 Aduenisse
618 1101 747 1142 Parin
768 1100 952 1142 Troiano
975 1101 1182 1155 sanguine
1205 1103 1378 1142 cretum.

356 1158 507 1199 Audiit
527 1157 757 1198 aduentum
778 1157 946 1198 iuuenis
968 1156 1177 1211 Spartana
1200 1156 1360 1210 decori,

271 1222 336 1252 445
355 1213 455 1255 Mox
477 1213 595 1254 iubet
615 1217 657 1254 et
677 1213 825 1254 famuli
846 1214 1027 1254 ueniunt
1045 1213 1274 1254 mandante
1295 1212 1511 1254 Lacaena:

355 1269 554 1323 Hospitio
576 1271 768 1323 speratus
790 1272 877 1323 eat,
899 1284 999 1310 nam
1019 1272 1142 1323 turpe
1167 1269 1302 1309 uideri

357 1325 524 1380 Regina
543 1328 764 1378 praesente
786 1324 906 1365 Paris
930 1339 1005 1366 ceu
1026 1326 1173 1366 nauita
1193 1324 1291 1365 uilis

357 1381 478 1422 Litus
499 1395 723 1422 arenosum
745 1383 898 1422 teneat.
940 1384 1042 1422 tunc
1065 1383 1217 1434 hospes
1240 1380 1292 1421 ad
1312 1380 1454 1421 aulam

358 1437 559 1478 Peruolat
578 1437 742 1478 Atridis
763 1437 877 1478 socia
898 1437 1126 1478 comitante
1151 1439 1333 1478 caterua.

272 1501 338 1531 450
356 1493 610 1546 Perceptum
632 1492 730 1534 dum
752 1495 887 1547 carpit
908 1494 988 1534 iter
1008 1493 1188 1534 festinus
1209 1492 1261 1533 ad
1282 1492 1449 1544 urbem,

357 1549 547 1603 Respicit
567 1550 619 1589 ad
637 1549 842 1602 templum
860 1548 1040 1590 Ueneris
1064 1550 1130 1590 cui
1158 1549 1284 1590 turba
1303 1550 1552 1602 precantum

149 1614 190 1646 [p.
210 1616 254 1647 56]
357 1604 439 1646 Uel
460 1607 697 1646 conuentus
719 1608 809 1646 erat
820 1638 830 1658 ⁷
851 1620 950 1646 mox
971 1605 1101 1646 uertit
1121 1605 1256 1646 iturus
1278 1604 1330 1645 ad
1350 1619 1456 1645 aras.

356 1661 526 1702 Interea
547 1661 663 1701 niuei
685 1661 870 1702 uolitant
890 1676 965 1714 per
985 1661 1112 1702 litora
1133 1660 1253 1715 cycni

357 1716 553 1757 Flumine
563 1719 822 1770 contempto,
831 1717 1101 1771 placidasque
1112 1717 1212 1758 hinc
1226 1715 1323 1757 inde
1334 1715 1550 1757 columbas

273 1780 337 1811 455
358 1771 547 1813 Molliter
569 1773 798 1813 intendunt
819 1787 965 1814 omnes
985 1787 1061 1827 per
1082 1773 1208 1814 inane
1229 1772 1398 1827 uagari,

358 1828 471 1877 Quas
493 1829 667 1869 insanus
689 1829 779 1883 agit
799 1829 1055 1883 rapidusque
1077 1831 1279 1882 sequente
1301 1828 1448 1869 uolatu

357 1884 516 1926 Miluus
538 1885 748 1937 insontes7
776 1887 948 1926 cunctas
970 1885 1152 1926 clamore
1174 1885 1347 1940 fatigat,

363 2010 427 2040 427
461 2009 782 2051 scopulo-recedit
806 2009 932 2042 Rueck.
959 2021 996 2040 m.
1025 2010 1074 2041 rlz.
1102 2012 1282 2051 proposuit
1395 2010 1459 2042 432
1491 2009 1556 2041 ha-

273 2054 372 2085 renis
453 2056 519 2086 435
544 2054 662 2086 Dione
754 2056 820 2086 439
847 2054 986 2096 paphos
1012 2066 1100 2088 corr.
1129 2055 1254 2086 Bueeh.
1280 2065 1318 2085 m.
1343 2054 1394 2085 rh.
1486 2055 1553 2086 444

271 2098 384 2130 Audit
414 2110 506 2131 cor-r.
536 2099 602 2131 131
694 2099 760 2131 448
793 2099 1005 2131 harenosum
1106 2102 1170 2132 450
1198 2100 1282 2139 fort.
1317 2104 1552 2141 praeceptum

272 2143 398 2175 Buecle.
428 2155 466 2176 m.
494 2144 543 2175 rlz.
571 2145 752 2185 inceptum
868 2146 930 2176 451
965 2148 1151 2186 precatum
1185 2155 1274 2176 corr.
1303 2144 1374 2175 Ill!
1486 2145 1552 2176 452

272 2188 344 2220 iter
374 2199 463 2219 corr.
490 2188 614 2220 Bueclt.
650 2191 719 2221 iter
750 2189 861 2221 uertit
892 2191 1104 2231 scripserunt
1135 2189 1205 2221 Ill!
1294 2190 1360 2221 456
1386 2188 1550 2230 rapidos-

273 2242 342 2274 que
367 2243 458 2265 eorr.
488 2233 558 2265 [M
