1635 2522
262 83 318 125 88
755 83 1069 116 SATISFACTIO

346 183 447 237 Ipsa
466 181 650 223 medulla
671 181 808 222 latens
829 182 1028 223 obseruat
1048 195 1206 223 cornua
1231 181 1370 236 lunae,

405 237 646 279 Obseruant
664 237 790 278 lunae
810 239 922 279 tecta
943 237 1112 278 cerebra
1133 237 1295 292 globos.

348 293 422 335 Sol
444 293 589 334 oculus
611 292 716 333 caeli
735 292 904 334 radians
925 293 1115 334 fuscatur
1136 293 1188 333 ab
1209 293 1360 334 umbra

403 348 461 389 Et
480 351 625 389 tamen
646 347 699 389 ad
718 348 863 390 solitas
884 349 1001 401 itque
1021 348 1213 402 reditque
1233 348 1394 402 plagas,

262 412 328 444 245
350 405 414 445 Ac
435 404 586 458 recipit
606 403 735 445 facies
750 405 909 458 priscas
926 405 1122 457 lucesque
1143 404 1338 445 resumit:

404 459 574 500 Damna
593 459 662 500 uel
681 462 958 514 augmentum
978 459 1081 500 dant
1102 459 1322 513 elementa,
1343 459 1503 500 ferunt.

347 516 579 556 Alter-nant
600 515 809 556 elementa
830 516 943 556 uices
965 518 1007 556 et
1026 518 1217 569 tempora
1237 517 1416 568 mutant,

405 570 590 624 Tempus
611 570 771 611 habent
791 574 936 612 noctes
957 573 1124 625 tempus
1147 574 1189 612 et
1207 571 1297 624 ipse
1319 571 1420 612 dies.

352 626 580 680 Accipiunt
601 629 831 680 augmenta
852 626 939 668 dies
959 630 1189 681 noctesque
1211 627 1410 679 uicissim,

263 690 330 722 250
405 683 625 723 Amittunt
646 696 791 723 cursus
811 685 984 736 perpete
1005 682 1098 737 lege
1119 682 1221 736 poli.

349 738 561 791 Tempora
582 741 681 778 sunt
702 738 874 791 florum,
896 739 1054 779 retinet
1073 753 1147 778 sua
1168 741 1361 791 tempora
1379 738 1541 792 messis,

407 793 592 846 Tempus
615 795 656 834 et
677 796 917 845 autumnus,
937 796 1104 847 tempus
1128 793 1287 834 habent
1306 793 1487 834 hiemes:

350 848 440 890 Uer
459 852 594 889 aestas
616 851 845 889 autumnus
865 849 1002 890 hiems
1022 849 1131 890 redit
1147 863 1284 890 annus
1305 849 1351 889 in
1371 863 1544 903 annum,

407 903 618 952 Quattuor
634 904 848 946 alternant
860 907 1054 958 tempora
1065 905 1342 958 temporibus.

262 969 328 1000 255
352 959 507 1001 Omnia
529 974 623 1001 cum
644 959 819 1001 redeant
839 960 1005 1002 homini
1026 975 1101 1001 sua
1121 975 1210 1002 non
1230 961 1340 1001 redit
1361 962 1488 1014 aetas,

405 1015 487 1057 Sed
507 1016 625 1057 uelut
647 1015 753 1057 acris
775 1017 866 1057 auis
887 1017 944 1057 sic
965 1016 1152 1071 fugitiua
1172 1017 1302 1057 uolat.

348 1072 561 1125 Tempora
581 1074 680 1112 sunt
700 1072 816 1126 pacis
838 1072 908 1113 uel
928 1075 1120 1126 tempora
1142 1075 1257 1113 certa
1278 1072 1451 1125 cruoris,

406 1127 505 1169 Otia
524 1130 692 1181 tempus
713 1127 874 1169 habent
895 1128 1156 1182 militiaeque
1177 1128 1308 1169 labor.

347 1184 558 1237 Tempora
580 1183 804 1238 gaudendi,
828 1186 927 1224 sunt
946 1186 1140 1238 tempora
1161 1186 1274 1224 certa
1295 1183 1478 1236 dolendi,

263 1247 331 1279 260
408 1239 620 1293 Tempora
641 1239 744 1280 dant
763 1239 948 1292 lucrum,
970 1242 1164 1294 tempora
1186 1239 1340 1280 damna
1359 1239 1515 1280 ferunt.

346 1295 509 1336 Nubila
528 1298 696 1348 tempus
717 1295 878 1336 habent
899 1299 941 1336 et
959 1298 1153 1349 tempora
1173 1297 1287 1336 certa
1308 1309 1517 1349 screnum,

406 1350 617 1404 Tempora
639 1351 798 1392 seruari
819 1351 942 1392 iussit
963 1354 1004 1392 et
1025 1351 1115 1405 ipse
1138 1350 1252 1391 deus.

346 1405 511 1447 Horam
532 1406 744 1460 quaesiuit
763 1406 924 1448 faciens
945 1407 1148 1448 miracula
1170 1405 1376 1455 Christus,

404 1462 567 1503 Horam
589 1463 777 1516 sperauit
796 1463 937 1526 passio
960 1466 1105 1503 sancta
1126 1463 1274 1503 cmcis.

262 1526 328 1557 265
351 1517 412 1559 Ut
431 1518 491 1558 mi
511 1518 719 1570 irascaris,
744 1519 817 1581 qui
838 1519 917 1559 sim
939 1519 973 1559 si
995 1518 1196 1573 dignior
1184 1533 1247 1559 1ra

404 1573 510 1614 Tam
531 1574 676 1628 magni
697 1575 810 1628 regis
831 1574 992 1615 iudicer
1013 1589 1101 1616 esse
1122 1574 1228 1615 tua?

349 1628 528 1678 Quando
550 1644 627 1684 per
648 1630 857 1671 aetherias
879 1630 1022 1684 aquila
1043 1630 1250 1672 uolitante
1271 1630 1442 1683 rapinas

408 1685 572 1726 Praeda
593 1686 795 1739 cibusque
816 1686 900 1727 fuit
919 1700 1064 1740 passer
1084 1685 1268 1726 hirundo
1290 1685 1441 1739 picus?

348 1740 526 1790 Quando
546 1741 679 1782 fames
700 1741 836 1782 rabidi
859 1743 1053 1796 quamuis
1075 1742 1218 1783 ieiuna
1239 1742 1376 1783 leonis

262 1806 330 1837 270
408 1796 468 1839 Ut
489 1797 545 1838 sit
565 1797 787 1852 adoptauit
807 1797 1000 1839 faucibus
1022 1812 1115 1839 esca
1136 1798 1287 1852 lepus‘.>

353 1934 416 1965 241
445 1933 614 1965 obseruat
645 1945 736 1966 corr.
769 1945 814 1966 esc
846 1935 1017 1966 obscurat
1042 1945 1127 1965 man.
1151 1944 1219 1966 rec.
1310 1934 1376 1966 246
1404 1933 1549 1966 Damna

262 1999 308 2021 ue
333 1978 496 2021 lumenth
521 1990 646 2032 dantq;
672 2001 763 2024 corr.
783 1992 959 2022 Areualus.
985 1992 1079 2022 malis
1105 1989 1194 2021 dant
1227 2000 1320 2032 quae
1353 1990 1419 2021 nisi
1440 1989 1550 2022 obstet

263 2034 356 2066 elisio
381 2037 520 2067 molesta
545 2036 590 2075 cf.
618 2047 648 2066 n.
675 2037 717 2067 38
811 2036 875 2066 252
902 2038 1112 2066 autumnum
1151 2037 1291 2077 tempus
1316 2034 1430 2066 habet
1459 2035 1550 2077 quod

261 2080 388 2120 scripsi
417 2080 559 2111 coniecit
585 2081 753 2111 Areualns
860 2081 925 2111 255
955 2079 1111 2111 hominis
1135 2090 1224 2114 corr.
1251 2080 1421 2111 Areualus
1448 2077 1453 2120 Ι
1482 2088 1548 2111 sua

262 2134 353 2158 corr.
378 2134 462 2155 man.
486 2135 555 2155 ree.
580 2126 734 2166 primitus
755 2125 822 2164 suit
845 2125 908 2156 uia
933 2126 985 2155 nel
1009 2126 1112 2156 simile
1138 2126 1218 2166 qnid
1299 2125 1373 2156 ⁴262
1399 2133 1548 2156 seruare

307 2169 373 2200 263
398 2170 466 2200 uid.
493 2170 538 2200 ad
562 2181 591 2200 ιι.
618 2171 681 2201 123
751 2171 816 2201 265
842 2170 891 2201 Ut
917 2169 1002 2200 mihi
1028 2169 1199 2201 irascaris
1225 2169 1286 2211 qui
1310 2170 1377 2200 sim
1402 2168 1548 2210 dignior

262 2214 329 2246 ira.
371 2214 462 2256 quod
483 2215 608 2255 scrt'psi
631 2215 808 2255 proposuit
834 2213 960 2246 Bacch.
1003 2213 1074 2246 Cur
1098 2215 1270 2246 irascaris
1296 2214 1383 2245 mihi
1407 2223 1471 2245 cur
1494 2213 1549 2246 sio

263 2257 408 2300 dignior
432 2259 487 2290 ira
510 2260 649 2301 scripsit
675 2260 844 2291 Arezzalus
935 2260 999 2291 267
1025 2258 1185 2291 etherius
1279 2260 1344 2292 268
1369 2257 1491 2291 Preda
